comp,fiscalDateEnding,reportedCurrency,grossProfit,totalRevenue,costOfRevenue,costofGoodsAndServicesSold,operatingIncome,sellingGeneralAndAdministrative,researchAndDevelopment,operatingExpenses,investmentIncomeNet,netInterestIncome,interestIncome,interestExpense,nonInterestIncome,otherNonOperatingIncome,depreciation,depreciationAndAmortization,incomeBeforeTax,incomeTaxExpense,interestAndDebtExpense,netIncomeFromContinuingOperations,comprehensiveIncomeNetOfTax,ebit,ebitda,netIncome,totalAssets,totalCurrentAssets,cashAndCashEquivalentsAtCarryingValue,cashAndShortTermInvestments,inventory,currentNetReceivables,totalNonCurrentAssets,propertyPlantEquipment,accumulatedDepreciationAmortizationPPE,intangibleAssets,intangibleAssetsExcludingGoodwill,goodwill,investments,longTermInvestments,shortTermInvestments,otherCurrentAssets,otherNonCurrentAssets,totalLiabilities,totalCurrentLiabilities,currentAccountsPayable,deferredRevenue,currentDebt,shortTermDebt,totalNonCurrentLiabilities,capitalLeaseObligations,longTermDebt,currentLongTermDebt,longTermDebtNoncurrent,shortLongTermDebtTotal,otherCurrentLiabilities,otherNonCurrentLiabilities,totalShareholderEquity,treasuryStock,retainedEarnings,commonStock,commonStockSharesOutstanding,operatingCashflow,paymentsForOperatingActivities,proceedsFromOperatingActivities,changeInOperatingLiabilities,changeInOperatingAssets,depreciationDepletionAndAmortization,capitalExpenditures,changeInReceivables,changeInInventory,profitLoss,cashflowFromInvestment,cashflowFromFinancing,proceedsFromRepaymentsOfShortTermDebt,paymentsForRepurchaseOfCommonStock,paymentsForRepurchaseOfEquity,paymentsForRepurchaseOfPreferredStock,dividendPayout,dividendPayoutCommonStock,dividendPayoutPreferredStock,proceedsFromIssuanceOfCommonStock,proceedsFromIssuanceOfLongTermDebtAndCapitalSecuritiesNet,proceedsFromIssuanceOfPreferredStock,proceedsFromRepurchaseOfEquity,proceedsFromSaleOfTreasuryStock,changeInCashAndCashEquivalents,changeInExchangeRate,reportedEPS,taxRate,freeCashFlow,dividend,closePrice
SHEL,2005-12-31,USD,54109000000.0,306731000000.0,252622000000.0,252622000000.0,37341000000,16768000000.0,588000000.0,16768000000.0,NA,NA,NA,103000000,NA,NA,NA,11981000000,44567000000,17999000000,NA,NA,NA,37341000000,49322000000.0,25311000000,219516000000.0,97892000000.0,11730000000,11730000000,19776000000.0,NA,121624000000.0,NA,NA,4350000000.0,4350000000.0,NA,NA,NA,-2486000000.0,66386000000,NA,121592000000.0,84964000000.0,69013000000,NA,NA,5338000000,36628000000.0,NA,NA,NA,NA,12916000000.0,10613000000,NA,90924000000.0,NA,90578000000.0,571000000,3366250000,30113000000,NA,NA,NA,NA,11981000000,15904000000,NA,NA,NA,-8383000000,-17827000000,NA,NA,NA,NA,10556000000,10556000000,NA,NA,NA,NA,-4988000000.0,NA,NA,NA,7.5190493873004085,0.40386384544618215,21791402023.919044,11.389399999999998,61.49
CVX,2005-12-31,USD,57298000000.0,198200000000.0,140902000000.0,140902000000.0,34494000000,4828000000.0,316000000.0,22804000000.0,NA,NA,NA,0,NA,NA,NA,5913000000,25197000000,11098000000,NA,NA,NA,34494000000,40407000000.0,14099000000,125833000000.0,34336000000.0,10043000000,10043000000,4121000000.0,17184000000.0,91497000000.0,63690000000.0,NA,4650000000.0,4650000000.0,4636000000.0,NA,NA,1101000000.0,1887000000,NA,62957000000.0,25011000000.0,16074000000,NA,NA,739000000,37946000000.0,NA,12131000000.0,NA,NA,12870000000.0,5071000000,NA,62676000000.0,-7870000000.0,55738000000.0,1832000000,2155810398,20105000000,NA,NA,NA,NA,5913000000,8701000000,NA,NA,NA,-11561000000,-7668000000,NA,NA,NA,NA,3876000000,3876000000,NA,NA,NA,NA,-2737000000.0,NA,NA,NA,6.539999998645521,0.44044925983251976,8544000000.0,17.8,56.77
XOM,2005-12-31,USD,157678000000.0,370680000000.0,213002000000.0,213002000000.0,60727000000,14402000000.0,712000000.0,96951000000.0,NA,NA,NA,27895000000,NA,NA,NA,10253000000,59432000000,23302000000,NA,NA,NA,60727000000,70980000000.0,36130000000,208335000000.0,73342000000.0,28671000000,28671000000,9321000000.0,27484000000.0,134993000000.0,107010000000.0,NA,7391000000.0,7391000000.0,NA,NA,NA,4604000000.0,7866000000,NA,97149000000.0,46307000000.0,31349000000,NA,NA,1771000000,50842000000.0,NA,6220000000.0,NA,NA,7991000000.0,4771000000,NA,111186000000.0,-55347000000.0,163335000000.0,5743000000,6327495622,48138000000,NA,NA,NA,NA,10253000000,13839000000,NA,-434000000.0,NA,-10270000000,-26941000000,NA,NA,NA,NA,7478000000,7478000000,NA,NA,NA,NA,-18221000000.0,NA,NA,NA,5.7099999997439745,0.3920783416341365,54825974660.11576,8.89,56.17
NFG,2006-09-30,USD,972113000.0,2239675000.0,1267562000.0,1267562000.0,355623000,NA,NA,616490000.0,NA,NA,NA,72629000,NA,NA,NA,179615000,292859000,108245000,NA,NA,NA,355623000,535238000.0,138091000,3763748000.0,484745000.0,69611000,69611000,96154000.0,227079000.0,3279003000.0,2877726000.0,NA,31498000.0,31498000.0,5476000.0,NA,NA,-22895000.0,91901000,NA,2320186000.0,319762000.0,133034000,NA,NA,22925000,2000424000.0,NA,1095675000.0,NA,NA,1118600000.0,163803000,NA,1443562000.0,NA,786013000.0,83403000,86028466,471400000,NA,NA,NA,NA,179615000,294159000,NA,1679000.0,NA,-297376000,-163385000,NA,NA,NA,NA,98266000,98266000,NA,NA,NA,NA,-85168000.0,NA,NA,NA,1.6051779884114172,0.36961472927244854,219808251.82767135,10.48,36.35
SHEL,2006-12-31,USD,54294000000.0,318845000000.0,264551000000.0,264551000000.0,37678000000,16616000000.0,1562000000.0,16616000000.0,NA,NA,NA,279000000,NA,NA,NA,12615000000,44628000000,18317000000,NA,NA,NA,37678000000,50293000000.0,25442000000,235276000000.0,91885000000.0,9002000000,9002000000,23215000000.0,39657000000.0,143391000000.0,NA,NA,1875000000.0,1875000000.0,2933000000.0,NA,NA,-3926000000.0,59668000000,NA,120331000000.0,76748000000.0,26509000000,NA,NA,6060000000,43583000000.0,NA,NA,NA,NA,15773000000.0,38158000000,NA,105726000000.0,NA,99677000000.0,545000000,3220000000,31696000000,NA,NA,NA,NA,12615000000,22922000000,NA,NA,NA,-20861000000,-12445000000,NA,NA,NA,NA,8142000000,8142000000,NA,NA,NA,NA,-8047000000.0,NA,NA,NA,7.901242236024845,0.4104373935645783,10999487967.195484,2.4466,70.79
XOM,2006-12-31,USD,164380000000.0,377635000000.0,213255000000.0,213255000000.0,99488000000,14273000000.0,733000000.0,64892000000.0,NA,NA,NA,3478000000,NA,NA,NA,11416000000,67402000000,27902000000,NA,NA,NA,99488000000,110904000000.0,39500000000,219015000000.0,75777000000.0,28244000000,28244000000,10714000000.0,28942000000.0,143238000000.0,113687000000.0,NA,6314000000.0,6314000000.0,NA,NA,NA,4604000000.0,7877000000,NA,105171000000.0,48817000000.0,25084000000,NA,NA,1702000000,56354000000.0,NA,6645000000.0,NA,NA,8347000000.0,13998000000,NA,113844000000.0,-83387000000.0,195207000000.0,4786000000,5966767372,49286000000,NA,NA,NA,NA,11416000000,15462000000,NA,-1057000000.0,NA,-14230000000,-36210000000,NA,NA,NA,NA,7628000000,7628000000,NA,NA,NA,NA,-29558000000.0,NA,NA,NA,6.61999999955755,0.4139639773300495,37094233286.846085,1.28,76.63
CVX,2006-12-31,USD,65979000000.0,210118000000.0,144139000000.0,144139000000.0,32497000000,5093000000.0,468000000.0,33482000000.0,NA,NA,NA,0,NA,NA,NA,7506000000,31976000000,14838000000,NA,NA,NA,32497000000,40003000000.0,17138000000,132628000000.0,36304000000.0,10493000000,10493000000,4656000000.0,17628000000.0,96324000000.0,68858000000.0,NA,4623000000.0,4623000000.0,4623000000.0,NA,NA,953000000.0,2574000000,NA,63484000000.0,28409000000.0,16675000000,NA,NA,2159000000,35075000000.0,NA,7679000000.0,NA,NA,9838000000.0,5949000000,NA,68935000000.0,-12395000000.0,68464000000.0,1832000000,2197179487,24323000000,NA,NA,NA,NA,7506000000,13813000000,NA,-536000000.0,NA,-12219000000,-11848000000,NA,NA,NA,NA,4396000000,4396000000,NA,NA,NA,NA,-4491000000.0,NA,NA,NA,7.800000000637181,0.46403552664498376,12104000000.0,2.01,73.53
NFG,2007-09-30,USD,1021485000.0,2039566000.0,1018081000.0,1018081000.0,396498000,NA,NA,624987000.0,NA,NA,NA,68446000,NA,NA,NA,170803000,333488000,131813000,NA,NA,NA,396498000,567301000.0,337455000,3888412000.0,554138000.0,186770000,186770000,101864000.0,224688000.0,3334274000.0,2878405000.0,NA,28836000.0,28836000.0,5476000.0,NA,NA,61964000.0,100642000,NA,2258293000.0,439346000.0,109757000,NA,NA,200024000,1818947000.0,NA,799000000.0,NA,NA,999024000.0,129565000,NA,1630119000.0,NA,983776000.0,83461000,85301361,394197000,NA,NA,NA,NA,170803000,276728000,NA,-5714000.0,NA,-101772000,-237091000,NA,NA,NA,NA,100632000,100632000,NA,NA,NA,NA,-48070000.0,NA,NA,NA,3.9560330110090507,0.39525560140094995,333817335.1065106,1.22,46.81
XOM,2007-12-31,USD,164268000000.0,395651000000.0,231383000000.0,231383000000.0,62978000000,14890000000.0,814000000.0,101290000000.0,NA,NA,NA,400000000,NA,NA,NA,12250000000,71479000000,29864000000,NA,NA,NA,71879000000,84129000000.0,40610000000,242082000000.0,85963000000.0,33981000000,33981000000,11089000000.0,36450000000.0,156119000000.0,120869000000.0,NA,7056000000.0,7056000000.0,NA,NA,NA,519000000.0,3924000000,NA,116038000000.0,58312000000.0,29239000000,NA,NA,2383000000,57726000000.0,NA,7183000000.0,NA,NA,9566000000.0,9551000000,NA,121762000000.0,-113678000000.0,228518000000.0,4933000000,5578296703,52002000000,NA,NA,NA,NA,12250000000,15387000000,NA,72000000.0,NA,-9728000000,-38345000000,NA,NA,NA,NA,7621000000,7621000000,NA,NA,NA,NA,-31822000000.0,NA,NA,NA,7.280000000387215,0.4178010324710754,42506879587.011566,1.37,93.69
SHEL,2007-12-31,USD,57373000000.0,355782000000.0,298409000000.0,298409000000.0,40752000000,16621000000.0,1712000000.0,16621000000.0,NA,NA,NA,1590000000,NA,NA,NA,13180000000,50576000000,18650000000,NA,NA,NA,40752000000,53932000000.0,31331000000,269470000000.0,115397000000.0,9656000000,9656000000,31503000000.0,54962000000.0,154073000000.0,NA,NA,5366000000.0,5366000000.0,NA,NA,NA,-5559000000.0,74238000000,NA,143502000000.0,94384000000.0,36349000000,NA,NA,5736000000,49118000000.0,NA,NA,NA,NA,18099000000.0,32079000000,NA,123960000000.0,NA,111668000000.0,536000000,3141900000,34461000000,NA,NA,NA,NA,13180000000,24576000000,NA,NA,NA,-14570000000,-18158000000,NA,NA,NA,NA,9001000000,9001000000,NA,NA,NA,NA,-4387000000.0,NA,NA,NA,9.97199147012954,0.368751977222398,20894684356.216385,2.81,84.2
CVX,2007-12-31,USD,69340000000.0,220904000000.0,151564000000.0,151564000000.0,32440000000,5926000000.0,562000000.0,36900000000.0,NA,NA,NA,166000000,NA,NA,NA,8708000000,32167000000,13479000000,NA,NA,NA,32440000000,41148000000.0,18688000000,148786000000.0,39377000000.0,7362000000,7362000000,5310000000.0,22446000000.0,109409000000.0,78610000000.0,NA,4637000000.0,4637000000.0,4637000000.0,NA,NA,732000000.0,3527000000,NA,71494000000.0,33798000000.0,21756000000,NA,NA,1162000000,37696000000.0,NA,6070000000.0,NA,NA,7232000000.0,6908000000,NA,77088000000.0,-18892000000.0,82329000000.0,1832000000,2132000000,24977000000,NA,NA,NA,NA,8708000000,16678000000,NA,-749000000.0,NA,-13933000000,-14295000000,NA,NA,NA,NA,4791000000,4791000000,NA,NA,NA,NA,-6389000000.0,NA,NA,NA,8.76547842401501,0.4190319271302888,11140440700.09637,2.26,93.33
NFG,2008-09-30,USD,1165204000.0,2400361000.0,1235157000.0,1235157000.0,486125000,NA,NA,679079000.0,NA,NA,NA,73969000,NA,NA,NA,170623000,436650000,167922000,NA,NA,NA,510619000,681242000.0,268728000,4130187000.0,499478000.0,68239000,68239000,118611000.0,209761000.0,3630709000.0,3154100000.0,NA,26174000.0,26174000.0,5476000.0,NA,NA,-16279000.0,124667000,NA,2526588000.0,374571000.0,145273000,NA,NA,100000000,2152017000.0,NA,999000000.0,NA,NA,1099000000.0,129298000,NA,1603599000.0,NA,953799000.0,79121000,84474839,482776000,NA,NA,NA,NA,170623000,397734000,NA,-22116000.0,NA,-328992000,-210351000,NA,NA,NA,NA,103683000,103683000,NA,NA,NA,NA,-237006000.0,NA,NA,NA,3.1811602505688112,0.38456887667468226,199306824.76125044,1.27,42.18
SHEL,2008-12-31,USD,80655000000.0,465807000000.0,385152000000.0,385152000000.0,46868000000,17028000000.0,3225000000.0,33787000000.0,NA,NA,NA,1181000000,NA,NA,NA,13656000000,50820000000,24344000000,NA,NA,NA,52001000000,65657000000.0,26277000000,282401000000.0,116570000000.0,15188000000,15188000000,19342000000.0,NA,165831000000.0,NA,NA,5021000000.0,5021000000.0,NA,NA,NA,-6198000000.0,82040000000,NA,153535000000.0,105529000000.0,85091000000,NA,NA,9497000000,48006000000.0,NA,NA,NA,NA,23269000000.0,2834000000,NA,127285000000.0,NA,125447000000.0,527000000,3085750000,43918000000,NA,NA,NA,NA,13656000000,35065000000,NA,8025000000.0,NA,-19590000000,-8023000000,NA,NA,NA,NA,9516000000,9516000000,NA,NA,NA,NA,-3573000000.0,NA,NA,NA,8.515595884306894,0.4790240062967336,24943272648.56356,3.12,52.94
XOM,2008-12-31,USD,178919000000.0,466278000000.0,287359000000.0,287359000000.0,72989000000,15873000000.0,847000000.0,105930000000.0,NA,NA,NA,673000000,NA,NA,NA,12379000000,83397000000,36530000000,NA,NA,NA,84070000000,96449000000.0,45220000000,228052000000.0,72266000000.0,31437000000,31437000000,11646000000.0,24702000000.0,155786000000.0,121346000000.0,NA,24702000000.0,24702000000.0,NA,NA,NA,570000000.0,3911000000,NA,110529000000.0,49100000000.0,21190000000,NA,NA,2400000000,61429000000.0,NA,7025000000.0,NA,NA,9425000000.0,9587000000,NA,112965000000.0,-148098000000.0,265680000000.0,5314000000,5203682394,59725000000,NA,NA,NA,NA,12379000000,19318000000,NA,-1285000000.0,NA,-15499000000,-44027000000,NA,NA,NA,NA,8058000000,8058000000,NA,NA,NA,NA,-35734000000.0,NA,NA,NA,8.689999999258218,0.4380253486336439,44604208940.36956,1.5500000000000005,79.83
CVX,2008-12-31,USD,75447000000.0,267639000000.0,192192000000.0,192192000000.0,37691000000,5756000000.0,835000000.0,37756000000.0,NA,NA,NA,166000000,NA,NA,NA,9528000000,43057000000,19026000000,NA,NA,NA,43057000000,52585000000.0,23931000000,161165000000.0,36470000000.0,9347000000,9347000000,6854000000.0,15856000000.0,124695000000.0,91780000000.0,NA,4619000000.0,4619000000.0,4619000000.0,NA,NA,213000000.0,4200000000,NA,74048000000.0,32023000000.0,16580000000,NA,NA,2818000000,42025000000.0,NA,6083000000.0,NA,NA,8901000000.0,9546000000,NA,86648000000.0,-26376000000.0,101102000000.0,1832000000,2050000000,29632000000,NA,NA,NA,NA,9528000000,19666000000,NA,-1545000000.0,NA,-17081000000,-10400000000,NA,NA,NA,NA,5162000000,5162000000,NA,NA,NA,NA,-6821000000.0,NA,NA,NA,11.673658536585366,0.4418793692082588,12643648024.71143,2.53,73.97
NFG,2009-09-30,USD,1054327000.0,2051543000.0,997216000.0,997216000.0,227594000,72163000.0,NA,826733000.0,NA,NA,NA,86789000,NA,NA,NA,173410000,151828000,51120000,NA,NA,NA,243132000,416542000.0,100708000,4769129000.0,776970000.0,408053000,408053000,80382000.0,163350000.0,3992159000.0,3132045000.0,NA,21536000.0,21536000.0,5476000.0,NA,NA,-44817000.0,125185000,NA,3179893000.0,318507000.0,196501000,NA,NA,2148000,2861386000.0,NA,1249000000.0,NA,NA,1251148000.0,122006000,NA,1589236000.0,NA,948293000.0,80500000,80628685,609432000,NA,NA,NA,NA,173410000,309930000,NA,81306000.0,NA,-347343000,77725000,NA,NA,NA,NA,104158000,104158000,NA,NA,NA,NA,247780000.0,NA,NA,NA,1.2490343852191066,0.33669678847116474,319656422.42537606,1.32,45.81
XOM,2009-12-31,USD,91674000000.0,303443000000.0,211769000000.0,211769000000.0,28182000000,14735000000.0,1050000000.0,63492000000.0,NA,NA,NA,548000000,NA,NA,NA,11917000000,34777000000,15119000000,NA,NA,NA,35325000000,47242000000.0,19280000000,233323000000.0,55235000000.0,10693000000,10693000000,11553000000.0,27645000000.0,178088000000.0,139116000000.0,NA,27645000000.0,27645000000.0,0.0,NA,NA,169000000.0,5175000000,NA,117931000000.0,52061000000.0,24236000000,NA,NA,2476000000,65870000000.0,NA,7129000000.0,NA,NA,9605000000.0,11118000000,NA,110569000000.0,-166410000000.0,276937000000.0,5503000000,4844221106,28438000000,NA,NA,NA,NA,0,22491000000,NA,459000000.0,NA,-22419000000,-27283000000,NA,NA,NA,NA,8023000000,8023000000,NA,NA,NA,NA,-19703000000.0,NA,NA,NA,3.9799999996119086,0.43474135204301695,6328761739.080425,1.66,68.19
SHEL,2009-12-31,USD,56753000000.0,285129000000.0,228376000000.0,228376000000.0,21562000000,17430000000.0,1125000000.0,35191000000.0,NA,NA,NA,542000000,NA,NA,NA,14458000000,21020000000,8302000000,NA,NA,NA,21562000000,36020000000.0,12518000000,292181000000.0,96457000000.0,9719000000,9719000000,27410000000.0,NA,195724000000.0,NA,NA,5356000000.0,5356000000.0,NA,NA,NA,-10009000000.0,59328000000,NA,154046000000.0,84789000000.0,67161000000,NA,NA,4171000000,69257000000.0,NA,NA,NA,NA,35033000000.0,4268000000,NA,136431000000.0,NA,127633000000.0,527000000,3064100000,21488000000,NA,NA,NA,NA,14458000000,26516000000,NA,-7138000000.0,NA,-26234000000,-829000000,NA,NA,NA,NA,10717000000,10717000000,NA,NA,NA,NA,19715000000.0,NA,NA,NA,4.08537580366176,0.39495718363463367,-4418066793.529972,3.3200000000000003,60.11
CVX,2009-12-31,USD,42701000000.0,168320000000.0,125619000000.0,125619000000.0,7131000000,4527000000.0,603000000.0,35570000000.0,NA,NA,NA,28000000,NA,NA,NA,12110000000,18528000000,7965000000,NA,10563000000.0,NA,18556000000,30666000000.0,10483000000,164621000000.0,37216000000.0,8716000000,8716000000,5529000000.0,17703000000.0,127405000000.0,96468000000.0,-91820000000.0,4618000000.0,4618000000.0,4618000000.0,NA,23440000000.0,106000000.0,5162000000,NA,72060000000.0,26211000000.0,16437000000,NA,NA,384000000,45849000000.0,301000000.0,9829000000.0,NA,NA,10514000000.0,5375000000,NA,91914000000.0,-26168000000.0,106289000000.0,1832000000,2000925000,19373000000,NA,NA,NA,NA,12110000000,19843000000,-258000000.0,1213000000.0,NA,-16572000000,-3546000000,NA,NA,NA,NA,5302000000,5302000000,NA,NA,NA,NA,168000000.0,NA,-631000000.0,114000000.0,5.239076926921299,0.42988989637305697,2816963082.901554,2.66,76.99
NFG,2010-09-30,USD,1102071000.0,1760503000.0,658432000.0,658432000.0,440451000,1128853000.0,0.0,661620000.0,NA,NA,NA,93946000,NA,9855000.0,NA,191809000,356360000,137227000,NA,219133000.0,NA,450306000,642115000.0,225913000,5105625000.0,775377000.0,395171000,395171000,73571000.0,242728000.0,4330248000.0,3450229000.0,NA,1677000.0,1677000.0,5476000.0,NA,307563000.0,2000000.0,165463000,NA,3359654000.0,524324000.0,127786000,NA,NA,200000000,2835330000.0,NA,1049000000.0,NA,NA,1249000000.0,196538000,830651000.0,1745971000.0,0.0,1063262000.0,82075000,82660598,459695000,NA,NA,NA,NA,178700800,455764000,10262000.0,6546000.0,NA,-402245000,-70332000,NA,NA,NA,NA,109596000,109596000,NA,NA,NA,NA,26057000.0,NA,-12882000.0,NA,2.7330191828517862,0.38507969469076214,115219303.00258166,1.36,51.81
XOM,2010-12-31,USD,93067000000.0,370125000000.0,277058000000.0,277058000000.0,40122000000,14683000000.0,1012000000.0,52945000000.0,NA,NA,NA,259000000,NA,10677000000.0,NA,14760000000,52959000000,21561000000,NA,31398000000.0,NA,53218000000,67978000000.0,30460000000,302510000000.0,58984000000.0,7825000000,7825000000,12976000000.0,32284000000.0,243526000000.0,199548000000.0,NA,8640000000.0,8640000000.0,0.0,NA,35338000000.0,2000000.0,5899000000,NA,149831000000.0,62633000000.0,30780000000,NA,NA,2255000000,87198000000.0,NA,12227000000.0,NA,NA,15014000000.0,12476000000,39821000000.0,146839000000.0,-156608000000.0,298899000000.0,9371000000,4897000000,48413000000,NA,NA,NA,NA,14760000000,26871000000,5863000000.0,-1148000000.0,NA,-24204000000,-26924000000,NA,NA,NA,NA,8498000000,8498000000,NA,NA,NA,NA,-13093000000.0,NA,-2868000000.0,-153000000.0,6.22013477639371,0.40712626748994507,24362554296.720108,1.74,73.12
CVX,2010-12-31,USD,68668000000.0,198198000000.0,129530000000.0,129530000000.0,25375000000,4767000000.0,526000000.0,43293000000.0,NA,NA,NA,50000000,NA,NA,NA,13559000000,32055000000,12919000000,NA,19136000000.0,NA,32105000000,45664000000.0,19024000000,184769000000.0,48841000000.0,14060000000,14060000000,5493000000.0,20759000000.0,135928000000.0,104504000000.0,-102863000000.0,4617000000.0,4617000000.0,4617000000.0,NA,23597000000.0,155000000.0,8374000000,NA,78958000000.0,29012000000.0,19259000000,NA,NA,187000000,49946000000.0,286000000.0,11003000000.0,NA,NA,11476000000.0,5324000000,NA,105081000000.0,-26411000000.0,119641000000.0,1832000000,2009104000,31359000000,NA,NA,NA,NA,13063000000,19612000000,-12000000.0,15000000.0,NA,-20915000000,-5170000000,NA,NA,NA,NA,5674000000,5674000000,NA,NA,NA,NA,-306000000.0,NA,5344000000.0,70000000.0,9.468897578223924,0.4030260489783185,10473848697.551083,2.8400000000000003,91.25
SHEL,2010-12-31,USD,44827000000.0,368056000000.0,323229000000.0,323229000000.0,26244000000,15528000000.0,1019000000.0,18583000000.0,NA,NA,NA,1009000000,NA,NA,NA,15595000000,35344000000,14870000000,NA,NA,NA,36353000000,51948000000.0,20127000000,322560000000.0,112894000000.0,13444000000,13444000000,29348000000.0,NA,209666000000.0,NA,NA,5039000000.0,5039000000.0,NA,NA,NA,-10368000000.0,70102000000,NA,172780000000.0,100552000000.0,76550000000,NA,NA,9951000000,72228000000.0,NA,NA,NA,NA,44332000000.0,3745000000,NA,148013000000.0,NA,140179000000.0,529000000,3069650000,27350000000,NA,NA,NA,NA,15595000000,26940000000,NA,-2888000000.0,NA,-21972000000,-1467000000,NA,NA,NA,NA,9979000000,9979000000,NA,NA,NA,NA,NA,NA,NA,NA,6.556773573534442,0.4207220461747397,5962491455.409687,3.36,66.78
NFG,2011-09-30,USD,523064000.0,1778842000.0,1255778000.0,1255778000.0,441162000,1111153000.0,0.0,81902000.0,NA,NA,NA,78121000,NA,59742000.0,NA,226527000,422783000,164381000,NA,258402000.0,NA,500904000,727431000.0,258402000,5284742000.0,411901000.0,80428000,80428000,82257000.0,164774000.0,4899430000.0,4000524000.0,NA,5476000.0,5476000.0,5476000.0,NA,301133000.0,0.0,84442000,NA,3392857000.0,528618000.0,142228000,NA,NA,176151000,2786732000.0,NA,899000000.0,NA,NA,1089000000.0,159426000,853418000.0,1891885000.0,0.0,1206022000.0,82813000,83670802,678676000,NA,NA,NA,NA,226527000,837612000,3887000.0,-9934000.0,NA,-719044000,-276375000,NA,NA,NA,NA,114559000,114559000,NA,NA,NA,NA,-592000.0,NA,-316743000.0,NA,3.0883174754318716,0.38880702393426414,7379006.483231306,1.4,48.68
SHEL,2011-12-31,USD,60346000000.0,470171000000.0,409825000000.0,409825000000.0,42598000000,14335000000.0,1125000000.0,17748000000.0,NA,NA,NA,1462000000,NA,NA,NA,13228000000,55543000000,24475000000,NA,NA,NA,57005000000,70233000000.0,30918000000,345257000000.0,119777000000.0,11292000000,11292000000,28976000000.0,NA,225480000000.0,NA,NA,4521000000.0,4521000000.0,NA,NA,NA,NA,79509000000,NA,174254000000.0,102659000000.0,81846000000,NA,NA,6712000000,71595000000.0,NA,NA,NA,NA,37175000000.0,3495000000,NA,169517000000.0,NA,162987000000.0,536000000,3110850000,36771000000,NA,NA,NA,NA,13228000000,26301000000,NA,-1930000000.0,NA,-20443000000,-18131000000,NA,NA,NA,NA,6877000000,6877000000,NA,NA,NA,NA,-2035000000.0,NA,NA,NA,9.938762717585226,0.4406495868066183,17145770304.088722,3.36,73.09
XOM,2011-12-31,USD,111141000000.0,467029000000.0,355888000000.0,355888000000.0,54104000000,14983000000.0,1044000000.0,57037000000.0,NA,NA,NA,247000000,NA,15289000000.0,NA,15583000000,73257000000,31051000000,NA,42206000000.0,NA,73504000000,89087000000.0,41060000000,331052000000.0,72963000000.0,12664000000,12664000000,15024000000.0,38642000000.0,258089000000.0,214664000000.0,NA,9092000000.0,9092000000.0,0.0,NA,34333000000.0,404000000.0,6633000000,NA,170308000000.0,77505000000.0,33969000000,NA,NA,7711000000,92803000000.0,NA,9322000000.0,NA,NA,17033000000.0,15975000000,46863000000.0,154396000000.0,-176932000000.0,330939000000.0,9512000000,4875000000,55345000000,NA,NA,NA,NA,15583000000,30975000000,-7906000000.0,-2208000000.0,NA,-22165000000,-28256000000,NA,NA,NA,NA,9020000000,9020000000,NA,NA,NA,NA,-22055000000.0,NA,4839000000.0,-85000000.0,8.422564102564102,0.4238639310919093,33322305609.0203,1.85,84.76
CVX,2011-12-31,USD,81537000000.0,244371000000.0,162834000000.0,162834000000.0,38299000000,4745000000.0,627000000.0,43238000000.0,NA,NA,NA,0,NA,NA,NA,13288000000,47634000000,20626000000,NA,27008000000.0,NA,38299000000,51587000000.0,26895000000,209474000000.0,53234000000.0,15864000000,15864000000,5543000000.0,21793000000.0,156240000000.0,122608000000.0,-110824000000.0,4642000000.0,4642000000.0,4642000000.0,NA,25101000000.0,4207000000.0,5827000000,NA,87293000000.0,33600000000.0,22147000000,NA,NA,340000000,53693000000.0,128000000.0,9684000000.0,NA,NA,10152000000.0,5287000000,NA,121382000000.0,-29685000000.0,140399000000.0,1832000000,2000785000,41098000000,NA,NA,NA,NA,12911000000,26500000000,-150000000.0,-404000000.0,NA,-27489000000,-11772000000,NA,NA,NA,NA,6139000000,6139000000,NA,NA,NA,NA,-3193000000.0,NA,1804000000.0,-33000000.0,13.44222392710861,0.4330100348490574,13609000000.0,3.09,106.4
NFG,2012-09-30,USD,538337000.0,1626853000.0,1088516000.0,1088516000.0,448049000,907274000.0,0.0,90288000.0,NA,NA,NA,86240000,NA,8822000.0,NA,271530000,370631000,150554000,NA,220077000.0,NA,456871000,728401000.0,220077000,5935142000.0,355576000.0,74494000,74494000,78372000.0,137803000.0,5579566000.0,4739803000.0,NA,5476000.0,5476000.0,5476000.0,NA,265331000.0,0.0,50452000,NA,3975047000.0,734479000.0,87985000,NA,NA,421000000,3240568000.0,NA,1149000000.0,NA,NA,1570000000.0,183497000,862460000.0,1960095000.0,0.0,1306284000.0,83330000,83739771,660787000,NA,NA,NA,NA,271530000,1036784000,13859000.0,5405000.0,NA,-1036338000,369617000,NA,NA,NA,NA,118798000,118798000,NA,NA,NA,NA,10345000.0,NA,-5934000.0,NA,2.628106064440993,0.4062099500581441,-324342546.09301436,1.44,54.04
SHEL,2012-12-31,USD,56598000000.0,467153000000.0,410555000000.0,410555000000.0,37722000000,14616000000.0,1314000000.0,18876000000.0,NA,NA,NA,1547000000,NA,NA,NA,14615000000,50512000000,23449000000,NA,NA,NA,52059000000,66674000000.0,26592000000,350294000000.0,114734000000.0,18550000000,18550000000,30781000000.0,40210000000.0,219980000000.0,NA,NA,1855000000.0,1855000000.0,2615000000.0,NA,NA,NA,25193000000,NA,174112000000.0,96979000000.0,42448000000,NA,NA,7833000000,26054000000.0,NA,NA,NA,NA,37754000000.0,-601000000,NA,174749000000.0,NA,180246000000.0,542000000,3133900000,46140000000,NA,NA,NA,NA,14615000000,32576000000,NA,-1746000000.0,NA,-28453000000,-10630000000,NA,NA,NA,NA,7390000000,7390000000,NA,NA,NA,NA,-1526000000.0,NA,NA,NA,8.485273939819395,0.46422632245802975,18515841879.157425,3.42,68.95
CVX,2012-12-31,USD,76411000000.0,230590000000.0,154179000000.0,154179000000.0,35013000000,4724000000.0,648000000.0,41398000000.0,NA,NA,NA,0,NA,NA,NA,13968000000,46332000000,19996000000,NA,26336000000.0,NA,35013000000,48981000000.0,26179000000,232982000000.0,55720000000.0,20939000000,20939000000,6144000000.0,20997000000.0,177262000000.0,141348000000.0,-122133000000.0,4640000000.0,4640000000.0,4640000000.0,NA,26771000000.0,974000000.0,6666000000,NA,95150000000.0,34212000000.0,22776000000,NA,NA,127000000,60938000000.0,99000000.0,11966000000.0,NA,NA,12192000000.0,5738000000,NA,136524000000.0,-33884000000.0,159730000000.0,1832000000,1964755000,38812000000,NA,NA,NA,NA,13413000000,30938000000,-169000000.0,-233000000.0,NA,-24796000000,-8980000000,NA,NA,NA,NA,6844000000,6844000000,NA,NA,NA,NA,-4142000000.0,NA,5075000000.0,39000000.0,13.324307610872603,0.43158076491409825,14016000000.0,3.51,108.14
XOM,2012-12-31,USD,101156000000.0,451509000000.0,350353000000.0,350353000000.0,49881000000,13877000000.0,1042000000.0,51275000000.0,NA,NA,NA,327000000,NA,15010000000.0,NA,15888000000,78726000000,31045000000,NA,47681000000.0,NA,79053000000,94941000000.0,44880000000,333795000000.0,64460000000.0,9582000000,9582000000,14542000000.0,34987000000.0,269335000000.0,226949000000.0,NA,7668000000.0,7668000000.0,0.0,NA,34718000000.0,341000000.0,5349000000,NA,162135000000.0,64139000000.0,33789000000,NA,NA,3653000000,97996000000.0,NA,7928000000.0,NA,NA,11581000000.0,16939000000,52498000000.0,165863000000.0,-197333000000.0,365727000000.0,9653000000,4628000000,56170000000,NA,NA,NA,NA,15888000000,34271000000,-1082000000.0,-1873000000.0,NA,-25601000000,-33868000000,NA,NA,NA,NA,10092000000,10092000000,NA,NA,NA,NA,-21068000000.0,NA,-3082000000.0,217000000.0,9.697493517718236,0.394342402764017,30767050034.296165,2.18,86.55
NFG,2013-09-30,USD,600269000.0,1829551000.0,1229282000.0,1229282000.0,517838000,984953000.0,0.0,82431000.0,NA,NA,NA,94111000,NA,9032000.0,NA,326760000,432759000,172758000,NA,260001000.0,NA,526870000,853630000.0,260001000,6218347000.0,448677000.0,64858000,64858000,93796000.0,157062000.0,5769670000.0,5151726000.0,NA,5476000.0,5476000.0,5476000.0,NA,NA,0.0,118788000,NA,4023618000.0,302171000.0,105283000,NA,NA,150907000,3721447000.0,NA,1649000000.0,NA,NA,1649000000.0,196888000,NA,2194729000.0,0.0,1442617000.0,83662000,84341220,738572000,NA,NA,NA,NA,326760000,703461000,-17135000.0,-3016000.0,NA,-705983000,-42225000,NA,NA,NA,NA,122710000,122710000,NA,NA,NA,NA,5395000.0,NA,-9636000.0,NA,3.0827275204223983,0.39920140309040364,89130756.75375903,1.48,68.76
XOM,2013-12-31,USD,88384000000.0,420836000000.0,332452000000.0,332452000000.0,40301000000,12877000000.0,1044000000.0,48083000000.0,NA,NA,NA,9000000,NA,13927000000.0,NA,17182000000,57711000000,24263000000,NA,33448000000.0,NA,57720000000,74902000000.0,32580000000,346808000000.0,59308000000.0,4644000000,4644000000,16135000000.0,33152000000.0,287500000000.0,243650000000.0,NA,7522000000.0,7522000000.0,0.0,NA,36328000000.0,269000000.0,5377000000,NA,166313000000.0,71724000000.0,30920000000,NA,NA,15808000000,94589000000.0,NA,6891000000.0,NA,NA,22699000000.0,13282000000,47168000000.0,174003000000.0,-212781000000.0,387432000000.0,10077000000,4420624152,44914000000,NA,NA,NA,NA,17182000000,33669000000,-305000000.0,-1812000000.0,NA,-34201000000,-15476000000,NA,NA,NA,NA,10875000000,10875000000,NA,NA,NA,NA,-15998000000.0,NA,-4938000000.0,-175000000.0,7.369999999945709,0.42042244979293375,10718216197.951866,2.46,101.2
CVX,2013-12-31,USD,71274000000.0,220156000000.0,148882000000.0,148882000000.0,27213000000,4510000000.0,750000000.0,44061000000.0,NA,NA,NA,0,NA,NA,NA,14869000000,35905000000,14308000000,NA,21597000000.0,NA,27213000000,42082000000.0,21423000000,253753000000.0,50250000000.0,16245000000,16245000000,6380000000.0,21622000000.0,203503000000.0,165409000000.0,-131604000000.0,4639000000.0,4639000000.0,4639000000.0,NA,28335000000.0,271000000.0,5732000000,NA,103326000000.0,33018000000.0,22815000000,NA,NA,374000000,70308000000.0,97000000.0,19960000000.0,NA,NA,20431000000.0,5402000000,NA,149113000000.0,-38290000000.0,173677000000.0,1832000000,1932393000,35002000000,NA,NA,NA,NA,14186000000,37985000000,183000000.0,-237000000.0,NA,-35609000000,-3821000000,NA,NA,NA,NA,7474000000,7474000000,NA,NA,NA,NA,-4494000000.0,NA,-4694000000.0,-266000000.0,11.086254193634524,0.3984960311934271,-607000000.0,3.9,124.91
SHEL,2013-12-31,USD,48141000000.0,451235000000.0,403094000000.0,403094000000.0,26870000000,14675000000.0,1318000000.0,21271000000.0,NA,NA,NA,1560000000,NA,NA,NA,21509000000,33592000000,17066000000,NA,NA,NA,35152000000,56661000000.0,16371000000,357512000000.0,103343000000.0,9696000000,9696000000,30009000000.0,39094000000.0,254169000000.0,NA,NA,1831000000.0,1831000000.0,2563000000.0,NA,39328000000.0,NA,24544000000,NA,176364000000.0,93258000000.0,41927000000,NA,NA,7937000000,83106000000.0,NA,31480000000.0,44562000000.0,NA,44155000000.0,-9706000000,NA,180047000000.0,NA,183474000000.0,542000000,3146700000,40440000000,NA,NA,NA,NA,21509000000,40145000000,NA,608000000.0,NA,-40146000000,-8978000000,NA,NA,NA,NA,7198000000,7198000000,NA,NA,NA,NA,-5565000000.0,NA,NA,NA,5.2025931928687195,0.5080376280066683,1061461300.3096008,3.56,71.27
DEC,2013-12-31,NA,110000.0,5169000.0,5059000.0,5059000.0,-562000,308000.0,NA,557000.0,NA,NA,NA,2266000,NA,NA,NA,2308000,-2827000,116000,NA,NA,NA,-561000,1747000.0,-2827000,29405000.0,1362000.0,312000,312000,NA,NA,28043000.0,NA,NA,NA,NA,NA,NA,NA,NA,1050000,NA,34461000.0,2667000.0,1509000,NA,NA,179000,31794000.0,NA,NA,NA,NA,28609000.0,979000,NA,-5056000.0,NA,-5189000.0,611000,40100000,-730000,NA,NA,NA,NA,2308000,122000,NA,NA,NA,128000,839000,NA,NA,NA,NA,1127000,1127000,NA,NA,NA,NA,NA,NA,NA,NA,-0.07049875311720698,-0.04103289706402547,1756980.5447470816,NA,NA
NFG,2014-09-30,USD,660384000.0,2113081000.0,1452697000.0,1452697000.0,569673000,1159627000.0,0.0,90711000.0,NA,NA,NA,94277000,NA,13631000.0,NA,383781000,489027000,189614000,NA,299413000.0,NA,583304000,967085000.0,299413000,6739597000.0,377332000.0,36886000,36886000,67239000.0,183609000.0,6362265000.0,5743091000.0,NA,5476000.0,5476000.0,5476000.0,NA,322879000.0,0.0,86864000,NA,4328914000.0,490576000.0,136674000,NA,NA,85600000,3838338000.0,NA,1649000000.0,1723043000.0,NA,1723043000.0,262504000,598002000.0,2410683000.0,0.0,1614361000.0,84157000,84952347,909390000,NA,NA,NA,NA,383781000,914417000,-22781000.0,13285000.0,NA,-908435000,-28927000,NA,NA,NA,NA,126642000,126642000,NA,NA,NA,NA,7474000.0,NA,-27972000.0,NA,3.5244817897732714,0.3877372823995403,58677292.22721851,1.52,69.99
DEC,2014-12-31,NA,1639000.0,7358000.0,5719000.0,5719000.0,2666000,697000.0,NA,1141000.0,NA,NA,NA,2734000,NA,NA,NA,2531000,-238000,-1254000,NA,NA,NA,2496000,5027000.0,-238000,34440000.0,2083000.0,34000,34000,876000.0,1151000.0,32357000.0,NA,NA,NA,NA,NA,NA,NA,NA,898000,NA,41777000.0,24450000.0,2498000,NA,NA,20806000,17327000.0,NA,NA,NA,NA,34365000.0,1146000,NA,-7337000.0,NA,-7470000.0,611000,40100000,1538000,NA,NA,NA,NA,2531000,415000,NA,NA,NA,197000,-2013000,NA,NA,NA,NA,3515000,3515000,NA,NA,NA,NA,NA,NA,NA,NA,-0.005935162094763092,5.26890756302521,-9936193.277310925,NA,NA
XOM,2014-12-31,USD,80635000000.0,394105000000.0,313470000000.0,313470000000.0,34082000000,12598000000.0,971000000.0,46553000000.0,NA,NA,NA,286000000,NA,13323000000.0,NA,17297000000,51630000000,18015000000,NA,33615000000.0,NA,51916000000,69213000000.0,32520000000,349493000000.0,52910000000.0,4616000000,4616000000,16678000000.0,28009000000.0,296583000000.0,252668000000.0,NA,8676000000.0,8676000000.0,0.0,NA,35239000000.0,42000000.0,3607000000,NA,168429000000.0,64633000000.0,25286000000,NA,NA,17468000000,103796000000.0,NA,11653000000.0,770000000.0,NA,29121000000.0,13651000000,52913000000.0,174399000000.0,-225820000000.0,408384000000.0,10792000000,4278947368,45116000000,NA,NA,NA,NA,17297000000,32952000000,3118000000.0,-1343000000.0,NA,-26975000000,-17888000000,NA,NA,NA,NA,11568000000,11568000000,NA,NA,NA,NA,-13183000000.0,NA,-28000000.0,-281000000.0,7.600000000747848,0.34892504357931436,18327207437.536316,2.7,92.45
SHEL,2014-12-31,USD,39290000000.0,421105000000.0,381815000000.0,381815000000.0,19879000000,13965000000.0,1222000000.0,19411000000.0,NA,NA,NA,1799000000,NA,NA,NA,24499000000,28314000000,13686000000,NA,14730000000.0,NA,30113000000,54612000000.0,15052000000,353116000000.0,99778000000.0,21607000000,21607000000,19701000000.0,31566000000.0,253338000000.0,192472000000.0,NA,4680000000.0,4680000000.0,2396000000.0,NA,35673000000.0,NA,26904000000,NA,180330000000.0,86212000000.0,32131000000,NA,NA,7208000000,94118000000.0,NA,32144000000.0,5104000000.0,NA,45540000000.0,37076000000,NA,171966000000.0,NA,186981000000.0,540000000,3155800000,45044000000,NA,NA,NA,NA,24499000000,31854000000,NA,7958000000.0,NA,-19657000000,-12790000000,NA,NA,NA,NA,9444000000,9444000000,NA,NA,NA,NA,-3328000000.0,NA,NA,NA,4.769630521579314,0.48336511972875607,26316426149.60797,3.72,66.95
CVX,2014-12-31,USD,64030000000.0,200494000000.0,136464000000.0,136464000000.0,19726000000,4494000000.0,707000000.0,44304000000.0,NA,NA,NA,0,NA,NA,NA,17668000000,31202000000,11892000000,NA,19310000000.0,NA,19726000000,37394000000.0,19241000000,266026000000.0,42232000000.0,12785000000,12785000000,6505000000.0,16736000000.0,223794000000.0,183173000000.0,-144116000000.0,4593000000.0,4593000000.0,4593000000.0,NA,29729000000.0,430000000.0,5776000000,NA,109835000000.0,31926000000.0,19000000000,NA,NA,3790000000,77909000000.0,68000000.0,23960000000.0,27818000000.0,NA,27818000000.0,5328000000,NA,155028000000.0,-42733000000.0,184987000000.0,1832000000,1897897000,31475000000,NA,NA,NA,NA,16793000000,35407000000,-9000000.0,-146000000.0,NA,-29893000000,-4999000000,NA,NA,NA,NA,7928000000,7928000000,NA,NA,NA,NA,-4412000000.0,NA,-3460000000.0,-43000000.0,10.138063340634396,0.3811294147811038,1582000000.0,4.21,112.18
NFG,2015-09-30,USD,604768000.0,1760913000.0,1156145000.0,1156145000.0,-611053000,909551000.0,0.0,1215821000.0,NA,NA,95549000.0,99471000,NA,11961000.0,NA,336158000,-698563000,-319136000,NA,-379427000.0,NA,-599092000,-262934000.0,-379427000,6717130000.0,513001000.0,113596000,113596000,64666000.0,125750000.0,6204129000.0,5331895000.0,NA,5476000.0,5476000.0,5476000.0,NA,531567000.0,0.0,60665000,NA,4691690000.0,446140000.0,180388000,NA,NA,222950000,4245550000.0,NA,2084009000.0,2084009000.0,NA,2306959000.0,10076000,742584000.0,2025440000.0,0.0,1103200000.0,84594000,84387755,853580000,NA,NA,NA,NA,336158000,1018179000,51638000.0,3438000.0,NA,-1024790000,247920000,NA,NA,NA,NA,130719000,130719000,NA,NA,NA,NA,10540000.0,NA,76710000.0,NA,-4.4962328954005235,0.4568464118483229,-117181969.43296456,1.56,49.98
SHEL,2015-12-31,USD,15507000000.0,264960000000.0,249453000000.0,249453000000.0,-3261000000,11956000000.0,1093000000.0,18768000000.0,NA,NA,NA,1925000000,NA,NA,NA,26714000000,2047000000,-153000000,NA,2200000000.0,NA,3972000000,30686000000.0,1939000000,340157000000.0,93358000000.0,31752000000,31752000000,15822000000.0,22714000000.0,246799000000.0,182838000000.0,NA,4273000000.0,4273000000.0,2010000000.0,NA,33566000000.0,NA,23070000000,NA,176036000000.0,70948000000.0,23795000000,NA,NA,5530000000,105088000000.0,NA,47195000000.0,4100000000.0,NA,58379000000.0,33390000000,NA,162876000000.0,NA,180100000000.0,546000000,3196900000,29810000000,NA,NA,NA,NA,26714000000,26131000000,NA,2827000000.0,NA,-22407000000,3812000000,NA,NA,NA,NA,9370000000,9370000000,NA,NA,NA,NA,-448000000.0,NA,NA,NA,0.6065250711626888,-0.07474352711284807,9471881289.692234,3.76,45.79
XOM,2015-12-31,USD,56216000000.0,239854000000.0,183638000000.0,183638000000.0,12883000000,11501000000.0,1008000000.0,43333000000.0,NA,NA,7333000000.0,311000000,NA,7644000000.0,NA,18048000000,21966000000,5415000000,NA,16551000000.0,NA,22277000000,40325000000.0,16150000000,336758000000.0,42623000000.0,3705000000,3705000000,16245000000.0,19875000000.0,294135000000.0,251605000000.0,NA,8285000000.0,8285000000.0,0.0,NA,34245000000.0,0.0,2798000000,NA,159948000000.0,53976000000.0,18074000000,NA,NA,18762000000,105972000000.0,NA,18687000000.0,558000000.0,NA,38687000000.0,11401000000,49229000000.0,170811000000.0,-229734000000.0,412444000000.0,11612000000,4194805195,30344000000,NA,NA,NA,NA,18048000000,26490000000,4692000000.0,-379000000.0,NA,-23824000000,-7037000000,NA,NA,NA,NA,12090000000,12090000000,NA,NA,NA,NA,-4039000000.0,NA,-911000000.0,-394000000.0,3.8499999998212076,0.24651734498770828,6754333105.708824,2.88,77.95
CVX,2015-12-31,USD,39137000000.0,129925000000.0,90788000000.0,90788000000.0,-3710000000,4443000000.0,601000000.0,42847000000.0,NA,NA,4988000000.0,0,NA,NA,NA,23346000000,4842000000,132000000,NA,4710000000.0,NA,-3710000000,19636000000.0,4587000000,264540000000.0,34430000000.0,11022000000,11022000000,6334000000.0,12860000000.0,230110000000.0,189845000000.0,-151881000000.0,4588000000.0,4588000000.0,4588000000.0,NA,29522000000.0,310000000.0,3904000000,NA,110654000000.0,25467000000.0,13516000000,NA,NA,4927000000,85187000000.0,80000000.0,33584000000.0,1486000000.0,NA,38549000000.0,5951000000,NA,152716000000.0,-42493000000.0,181578000000.0,1832000000,1874971000,19456000000,NA,NA,NA,NA,21037000000,29504000000,-59000000.0,85000000.0,NA,-23808000000,2815000000,NA,NA,NA,NA,7992000000,7992000000,NA,NA,NA,NA,10756000000.0,NA,-1763000000.0,-226000000.0,2.4464378382385648,0.027261462205700124,-4352000000.0,4.28,89.96
DEC,2015-12-31,NA,-1335000.0,6304000.0,7639000.0,7639000.0,4631000,472000.0,NA,1089000.0,NA,NA,NA,3177000,NA,NA,NA,3388000,-413000,-473000,NA,NA,NA,2764000,6152000.0,-413000,46487000.0,1909000.0,90000,90000,431000.0,1345000.0,44578000.0,NA,NA,NA,NA,NA,NA,NA,NA,60000,NA,55304000.0,25985000.0,1610000,NA,NA,22936000,29319000.0,NA,NA,NA,NA,43109000.0,1439000,NA,-8817000.0,NA,-8969000.0,630000,2005000,-3931000,NA,NA,NA,NA,3388000,3729000,NA,NA,NA,-3649000,7636000,NA,NA,NA,NA,2399000,2399000,NA,NA,NA,NA,NA,NA,NA,NA,-0.2059850374064838,1.145278450363196,-8041549.636803874,NA,NA
NFG,2016-09-30,USD,613503000.0,1452416000.0,838913000.0,838913000.0,-416518000,671210000.0,0.0,1030021000.0,NA,-116809000.0,4235000.0,121044000,NA,14055000.0,NA,249417000,-523507000,-232549000,NA,-290958000.0,NA,-402463000,-153046000.0,-290958000,5636387000.0,413031000.0,129972000,129972000,70638000.0,151583000.0,5223356000.0,4454482000.0,NA,5476000.0,5476000.0,5476000.0,NA,401729000.0,0.0,59354000,NA,4109383000.0,303737000.0,108056000,NA,NA,163340000,3805646000.0,NA,2086252000.0,2086252000.0,NA,2249592000.0,1560000,775974000.0,1527004000.0,0.0,676361000.0,85119000,84847993,588979000,NA,NA,NA,NA,249417000,581576000,-6408000.0,-3532000.0,NA,-453496000,-119107000,NA,NA,NA,NA,134824000,134824000,NA,NA,NA,NA,13849000.0,NA,16376000.0,NA,-3.429167735293397,0.444213735441933,202757592.60716665,1.6,54.07
DEC,2016-12-31,NA,1473000.0,18279000.0,16806000.0,16806000.0,22450000,896000.0,NA,2499000.0,NA,NA,NA,3291000,NA,NA,NA,4039000,32511000,14829000,NA,NA,NA,34929000,38968000.0,17682000,85875000.0,4619000.0,224000,224000,1.0,3084000.0,81256000.0,NA,NA,NA,NA,NA,NA,NA,NA,1311000,NA,76713000.0,38499000.0,3439000,NA,NA,30850000,38214000.0,NA,NA,NA,NA,37737000.0,2083000,NA,9162000.0,NA,8658000.0,669000,2100550,5129000,NA,NA,NA,NA,4039000,9300000,NA,NA,NA,-9209000,4214000,NA,NA,NA,NA,956000,956000,NA,NA,NA,NA,NA,NA,NA,NA,8.417795339315893,0.45612254313924516,-2290099.2894712556,NA,NA
CVX,2016-12-31,USD,31437000000.0,110215000000.0,78778000000.0,78778000000.0,-5471000000,4684000000.0,476000000.0,36908000000.0,NA,-201000000.0,2160000000.0,201000000,NA,NA,NA,16011000000,-2160000000,-1729000000,NA,-431000000.0,NA,-1959000000,14052000000.0,-497000000,260078000000.0,29619000000.0,6988000000,6988000000,5419000000.0,14092000000.0,230459000000.0,186305000000.0,-153891000000.0,4581000000.0,4581000000.0,4581000000.0,NA,32735000000.0,13000000.0,3107000000,NA,113356000000.0,31785000000.0,13986000000,NA,NA,10840000000,81571000000.0,93000000.0,35193000000.0,10840000000.0,NA,46126000000.0,5909000000,NA,145556000000.0,-41834000000.0,173046000000.0,1832000000,1872789000,12846000000,NA,NA,NA,NA,19457000000,18109000000,-131000000.0,603000000.0,NA,-16852000000,25000000,NA,NA,NA,NA,8032000000,8032000000,NA,NA,NA,NA,9054000000.0,NA,-4034000000.0,-53000000.0,-0.2653796022936914,0.8004629629629629,-3965893055.5555553,4.290000000000001,117.7
SHEL,2016-12-31,USD,17590000000.0,233591000000.0,216001000000.0,216001000000.0,2367000000,12101000000.0,1014000000.0,15223000000.0,NA,-3050000000.0,451000000.0,3501000000,NA,NA,NA,24993000000,5606000000,829000000,NA,4777000000.0,NA,9107000000,34100000000.0,4575000000,411275000000.0,86569000000.0,19130000000,19130000000,21775000000.0,25766000000.0,324706000000.0,236098000000.0,NA,10980000000.0,10980000000.0,12987000000.0,NA,39207000000.0,NA,19898000000,NA,222764000000.0,73825000000.0,28069000000,NA,NA,9484000000,148939000000.0,14859000000.0,69256000000.0,8361000000.0,NA,92476000000.0,29587000000,NA,186646000000.0,NA,175566000000.0,683000000,3945850000,20615000000,NA,NA,NA,NA,24993000000,22116000000,NA,-5658000000.0,NA,-30963000000,-771000000,NA,NA,NA,NA,9677000000,9677000000,NA,NA,NA,NA,-160000000.0,NA,NA,NA,1.1594460002280877,0.14787727434891187,-7364718337.495541,3.76,54.38
XOM,2016-12-31,USD,43701000000.0,200628000000.0,156927000000.0,156927000000.0,2771000000,10443000000.0,1058000000.0,40930000000.0,NA,-453000000.0,4353000000.0,453000000,NA,4806000000.0,NA,22308000000,7969000000,-406000000,NA,8375000000.0,NA,8422000000,30730000000.0,7840000000,330314000000.0,41416000000.0,3657000000,3657000000,15080000000.0,21394000000.0,288898000000.0,244224000000.0,NA,9572000000.0,9572000000.0,0.0,NA,35102000000.0,0.0,1285000000,NA,156484000000.0,47638000000.0,17801000000,NA,NA,13830000000,108846000000.0,1225000000.0,27707000000.0,13830000000.0,NA,42762000000.0,10739000000,20069000000.0,167325000000.0,-230424000000.0,407831000000.0,12157000000,4170212766,22082000000,NA,NA,NA,NA,18708000000,16163000000,-2090000000.0,-388000000.0,NA,-12403000000,-9293000000,NA,NA,NA,NA,12453000000,12453000000,NA,NA,NA,NA,-977000000.0,NA,-48000000.0,-434000000.0,1.8799999999808163,-0.05094742125737232,10155079181.82959,2.98,90.26
NFG,2017-09-30,USD,678773000.0,1579881000.0,901108000.0,901108000.0,593778000,720963000.0,0.0,84995000.0,NA,-115724000.0,4113000.0,119837000,NA,11156000.0,NA,224195000,444164000,160682000,NA,283482000.0,NA,564001000,788196000.0,283482000,6103320000.0,818280000.0,555530000,555530000,74238000.0,144955000.0,5285040000.0,4674074000.0,NA,5476000.0,5476000.0,5476000.0,NA,342739000.0,0.0,29583000,NA,4399585000.0,646039000.0,126443000,NA,NA,300000000,3753546000.0,NA,2083681000.0,300000000.0,NA,2383681000.0,217821000,669559000.0,1703735000.0,0.0,851669000.0,85543000,86021386,684508000,NA,NA,NA,NA,224195000,450335000,-3380000.0,-1417000.0,NA,-422565000,163872000,NA,NA,NA,NA,139063000,139063000,NA,NA,NA,NA,7784000.0,NA,425558000.0,NA,3.295482823306288,0.3617627723093272,338427434.65476716,1.64,56.61
SHEL,2017-12-31,USD,28857000000.0,305179000000.0,276322000000.0,276322000000.0,15481000000,10509000000.0,922000000.0,13376000000.0,NA,-3024000000.0,904000000.0,3928000000,NA,NA,NA,26223000000,18130000000,4695000000,NA,13435000000.0,NA,22058000000,48281000000.0,12977000000,407097000000.0,95404000000.0,20312000000,20312000000,25223000000.0,30721000000.0,311693000000.0,226380000000.0,NA,10518000000.0,10518000000.0,13662000000.0,NA,35149000000.0,NA,19148000000,NA,209285000000.0,79767000000.0,33196000000,NA,NA,11795000000,129518000000.0,15524000000.0,59430000000.0,10711000000.0,NA,85665000000.0,27526000000,NA,194356000000.0,NA,177645000000.0,696000000,4149500000,35650000000,NA,NA,NA,NA,26223000000,20845000000,NA,-2079000000.0,NA,-8029000000,-27086000000,NA,NA,NA,NA,10877000000,10877000000,NA,NA,NA,NA,-717000000.0,NA,NA,NA,3.127364742740089,0.2589630446773304,30531793160.507446,1.88,66.71
XOM,2017-12-31,USD,56362000000.0,237162000000.0,180800000000.0,180800000000.0,13819000000,10649000000.0,1063000000.0,42543000000.0,NA,-601000000.0,4779000000.0,601000000,NA,5380000000.0,NA,19893000000,18674000000,-1174000000,NA,19848000000.0,NA,19275000000,39168000000.0,19710000000,348691000000.0,47134000000.0,3177000000,3177000000,16992000000.0,25597000000.0,301557000000.0,252630000000.0,NA,9767000000.0,9767000000.0,0.0,NA,39160000000.0,0.0,1368000000,NA,154191000000.0,57771000000.0,21701000000,NA,NA,17930000000,96420000000.0,1327000000.0,23079000000.0,17930000000.0,NA,42336000000.0,11784000000,19215000000.0,187688000000.0,-225246000000.0,414540000000.0,14656000000,4256000000,30066000000,NA,NA,NA,NA,17893000000,15402000000,-3954000000.0,-1682000000.0,NA,-15730000000,-15130000000,NA,NA,NA,NA,13001000000,13001000000,NA,NA,NA,NA,-747000000.0,NA,-480000000.0,314000000.0,4.631109022556391,-0.06286815893756025,14974783763.521473,3.06,83.64
CVX,2017-12-31,USD,39560000000.0,134674000000.0,95114000000.0,95114000000.0,3128000000,4448000000.0,433000000.0,36432000000.0,NA,-307000000.0,4015000000.0,307000000,NA,NA,NA,17858000000,9221000000,-48000000,NA,9269000000.0,NA,9528000000,27386000000.0,9195000000,253806000000.0,28560000000.0,4813000000,4813000000,5585000000.0,15353000000.0,225246000000.0,178352000000.0,-166773000000.0,4531000000.0,4531000000.0,4531000000.0,NA,35346000000.0,9000000.0,2800000000,NA,104487000000.0,27737000000.0,14565000000,NA,NA,5192000000,76750000000.0,94000000.0,33477000000.0,5192000000.0,NA,38763000000.0,6380000000,NA,148124000000.0,-40833000000.0,174106000000.0,1832000000,1897633000,20338000000,NA,NA,NA,NA,19349000000,13404000000,-368000000.0,-267000000.0,NA,-8201000000,-14554000000,NA,NA,NA,NA,8132000000,8132000000,NA,NA,NA,NA,-1151000000.0,NA,-2175000000.0,65000000.0,4.845510169774661,-0.00520550916386509,12445598091.313305,4.32,125.19
DEC,2017-12-31,NA,13856000.0,41777000.0,27921000.0,27921000.0,16194000,2138000.0,NA,7334000.0,NA,NA,NA,5225000,NA,NA,NA,7013000,4737000,-4138000,NA,NA,NA,34003000,41016000.0,8875000,228683000.0,29598000.0,15168000,15168000,1.0,13917000.0,199085000.0,NA,NA,NA,NA,NA,NA,NA,NA,1257000,NA,139024000.0,15346000.0,2132000,NA,NA,697000,123678000.0,NA,NA,NA,NA,72152000.0,12517000,NA,89659000.0,NA,12112000.0,1940000,6013450,6922000,NA,NA,NA,NA,7013000,90220000,NA,NA,NA,-93091000,101113000,NA,NA,NA,NA,5776000,5776000,NA,NA,NA,NA,NA,NA,NA,NA,1.4758582843459245,-0.8735486594891282,-76379708.2541693,NA,NA
NFG,2018-09-30,USD,604116000.0,1592668000.0,988552000.0,988552000.0,519723000,526799000.0,0.0,84393000.0,NA,-107756000.0,6766000.0,114522000,NA,11463000.0,NA,240961000,384027000,-7494000,NA,391521000.0,NA,498549000,739510000.0,391521000,6036486000.0,544591000.0,229606000,229606000,77840000.0,165680000.0,5491895000.0,4977143000.0,NA,5476000.0,5476000.0,5476000.0,NA,257523000.0,0.0,68024000,NA,4099156000.0,440060000.0,160031000,NA,NA,191681000,3659096000.0,NA,2131365000.0,NA,NA,2323046000.0,49036000,904020000.0,1937330000.0,0.0,1098900000.0,85957000,86439698,615303000,NA,NA,NA,NA,240961000,584004000,-30882000.0,-4021000.0,NA,-528887000,-410640000,NA,NA,NA,NA,143258000,143258000,NA,NA,NA,NA,-4110000.0,NA,-325924000.0,NA,4.5294119375567465,-0.019514252904092682,203172811.27108252,1.68,56.06
DEC,2018-12-31,NA,238595000.0,289769000.0,51174000.0,51174000.0,294997000,12149000.0,NA,126595000.0,NA,NA,NA,17663000,NA,NA,NA,41988000,261795000,60676000,NA,NA,NA,277228000,319216000.0,201119000,1556972000.0,111596000.0,1372000,1372000,5303000.0,78451000.0,1445376000.0,NA,NA,NA,NA,NA,NA,NA,NA,26470000,NA,808109000.0,64312000.0,9383000,NA,NA,1128000,743797000.0,NA,NA,NA,NA,486350000.0,26093000,NA,748863000.0,NA,200498000.0,7346000,19396250,87735000,NA,NA,NA,NA,41988000,18515000,NA,NA,NA,-766849000,665318000,NA,NA,NA,NA,31313000,31313000,NA,NA,NA,NA,NA,NA,NA,NA,10.368963072758909,0.23176913233637006,-665544738.1844573,NA,NA
CVX,2018-12-31,USD,44905000000.0,158902000000.0,113997000000.0,113997000000.0,14446000000,3838000000.0,453000000.0,30459000000.0,NA,-748000000.0,5684000000.0,748000000,NA,NA,NA,18717000000,20575000000,5715000000,NA,14860000000.0,NA,21323000000,40040000000.0,14824000000,253863000000.0,34021000000.0,9342000000,9342000000,5704000000.0,15050000000.0,219842000000.0,171070000000.0,-171037000000.0,NA,NA,4518000000.0,NA,37488000000.0,1003000000.0,2922000000,NA,98221000000.0,27171000000.0,13953000000,NA,NA,5726000000,71050000000.0,145000000.0,28733000000.0,5726000000.0,NA,34459000000.0,5864000000,48475000000.0,154554000000.0,-41593000000.0,180987000000.0,1832000000,1914107000,30618000000,NA,NA,NA,NA,18030000000,13800000000,418000000.0,-424000000.0,NA,-12300000000,-13700000000,NA,NA,NA,NA,8500000000,8500000000,NA,NA,NA,NA,-1751000000.0,NA,4629000000.0,NA,7.744603619337895,0.27776427703523693,18858232320.77764,4.48,108.79
SHEL,2018-12-31,USD,44875000000.0,388379000000.0,343504000000.0,343504000000.0,31189000000,11360000000.0,986000000.0,13686000000.0,NA,-2700000000.0,876000000.0,3576000000,NA,NA,NA,21704000000,35621000000,11715000000,NA,23906000000.0,NA,39197000000,60901000000.0,23352000000,399194000000.0,97482000000.0,26741000000,26741000000,21117000000.0,27541000000.0,301712000000.0,223175000000.0,NA,9870000000.0,9870000000.0,13716000000.0,NA,28403000000.0,NA,22083000000,NA,196660000000.0,77813000000.0,30351000000,NA,NA,10134000000,118847000000.0,14026000000.0,53686000000.0,9112000000.0,NA,76824000000.0,29831000000,NA,198646000000.0,NA,182606000000.0,685000000,4174350000,53085000000,NA,NA,NA,NA,21704000000,23011000000,NA,2823000000.0,NA,-13659000000,-32548000000,NA,NA,NA,NA,15675000000,15675000000,NA,NA,NA,NA,-5062000000.0,NA,NA,NA,5.594164360918466,0.32887903203166674,41825928581.45476,3.76,58.27
XOM,2018-12-31,USD,67733000000.0,279332000000.0,211599000000.0,211599000000.0,22124000000,11480000000.0,1116000000.0,45609000000.0,NA,-766000000.0,6589000000.0,766000000,NA,7355000000.0,NA,18745000000,30953000000,9532000000,NA,21421000000.0,NA,31719000000,50464000000.0,20840000000,346196000000.0,47973000000.0,3042000000,3042000000,18958000000.0,24701000000.0,298223000000.0,247101000000.0,NA,10332000000.0,10332000000.0,NA,NA,40790000000.0,NA,1272000000,NA,147668000000.0,57138000000.0,21063000000,NA,NA,17258000000,90530000000.0,1303000000.0,19235000000.0,17258000000.0,NA,37796000000.0,12925000000,18094000000.0,191794000000.0,-225553000000.0,421653000000.0,15258000000,4237000000,36014000000,NA,NA,NA,NA,18045000000,19574000000,-545000000.0,-3107000000.0,NA,-16446000000,-19446000000,NA,NA,NA,NA,13798000000,13798000000,NA,NA,NA,NA,-626000000.0,NA,-135000000.0,-257000000.0,4.9185744630634884,0.30795076406164185,20098109714.728783,3.23,68.19
NFG,2019-09-30,USD,600695000.0,1693332000.0,1092637000.0,1092637000.0,511809000,519598000.0,NA,88886000.0,NA,-106756000.0,106756000.0,106756000,NA,-15542000.0,NA,275660000,389511000,85221000,NA,304290000.0,NA,496267000,771927000.0,304290000,6462157000.0,362623000.0,20428000,20428000,79595000.0,209681000.0,6099534000.0,5509510000.0,NA,NA,NA,5476000.0,NA,308783000.0,NA,38558000,NA,4323132000.0,421908000.0,132208000,NA,NA,55200000,3901224000.0,NA,2133718000.0,55200000.0,NA,2188918000.0,234500000,991756000.0,2139025000.0,NA,1272601000.0,86315000,86773259,694483000,NA,NA,NA,NA,275660000,788938000,6379000.0,-3713000.0,NA,-799175000,-101095000,NA,NA,NA,NA,147418000,147418000,NA,NA,NA,NA,-8877000.0,NA,-205787000.0,NA,3.5067254993845514,0.21878971325585156,-21293114.628341675,1.72,46.92
XOM,2019-12-31,USD,55958000000.0,255583000000.0,199625000000.0,199625000000.0,12766000000,11398000000.0,1214000000.0,43192000000.0,NA,-830000000.0,4611000000.0,830000000,NA,NA,NA,18998000000,20056000000,5282000000,NA,14774000000.0,NA,20886000000,39884000000.0,14340000000,362597000000.0,50052000000.0,3089000000,3089000000,18528000000.0,26966000000.0,312545000000.0,253018000000.0,NA,16363000000.0,16363000000.0,NA,NA,43164000000.0,NA,1469000000,NA,163659000000.0,63989000000.0,24694000000,NA,NA,20578000000,99670000000.0,1670000000.0,24672000000.0,20578000000.0,NA,46920000000.0,13836000000,47708000000.0,191650000000.0,-225835000000.0,421341000000.0,15637000000,4270000000,29716000000,NA,NA,NA,NA,18998000000,24361000000,-2640000000.0,72000000.0,NA,-23084000000,-6618000000,NA,NA,NA,NA,14652000000,14652000000,NA,NA,NA,NA,-594000000.0,NA,14000000.0,NA,3.358313817330211,0.26336258476266455,7243409054.646988,3.43,69.78
DEC,2019-12-31,NA,280461000.0,462256000.0,181795000.0,181795000.0,107051000,20471000.0,NA,170945000.0,NA,NA,NA,36537000,NA,NA,NA,98139000,131491000,32091000,NA,NA,NA,168028000,266167000.0,99400000,2005940000.0,160360000.0,1661000,1661000,5163000.0,73924000.0,1845580000.0,NA,NA,15981000.0,15981000.0,NA,NA,NA,NA,79612000,NA,1067805000.0,126855000.0,16700000,NA,NA,24521000,940950000.0,NA,NA,NA,NA,624314000.0,66255000,NA,938135000.0,NA,164845000.0,8800000,32239100,279156000,NA,NA,NA,NA,98139000,32313000,NA,NA,NA,-466887000,188020000,NA,NA,NA,NA,82151000,82151000,NA,NA,NA,NA,-52902000.0,NA,NA,NA,3.0832126206997095,0.24405472617897803,-160111027.53040135,NA,NA
SHEL,2019-12-31,USD,36755000000.0,344877000000.0,308122000000.0,308122000000.0,22946000000,10493000000.0,962000000.0,13809000000.0,NA,-3480000000.0,1078000000.0,4558000000,NA,NA,NA,25108000000,25485000000,9053000000,NA,16432000000.0,NA,30043000000,55151000000.0,15843000000,404336000000.0,92689000000.0,18055000000,18055000000,24071000000.0,30429000000.0,311647000000.0,238349000000.0,NA,9281000000.0,9281000000.0,14205000000.0,NA,25797000000.0,-13491000000.0,20134000000,NA,213873000000.0,79624000000.0,29497000000,NA,NA,15064000000,134249000000.0,30537000000.0,55779000000.0,10108000000.0,NA,96424000000.0,28370000000,-1000000.0,186476000000.0,NA,172431000000.0,657000000,4056250000,42179000000,NA,NA,NA,NA,28701000000,22971000000,NA,-2635000000.0,NA,-15779000000,-35211000000,NA,NA,NA,NA,15198000000,15198000000,NA,NA,NA,NA,-11362000000.0,NA,NA,NA,3.905824345146379,0.35522856582303314,29338868196.978615,3.76,58.98
CVX,2019-12-31,USD,30534000000.0,139865000000.0,109331000000.0,109331000000.0,100000000,4143000000.0,500000000.0,30434000000.0,NA,-798000000.0,2860000000.0,798000000,NA,NA,NA,17965000000,5536000000,2691000000,NA,2845000000.0,NA,6334000000,24299000000.0,2924000000,237428000000.0,28329000000.0,5686000000,5686000000,5848000000.0,13325000000.0,209099000000.0,154568000000.0,NA,4463000000.0,4463000000.0,4463000000.0,NA,40199000000.0,63000000.0,3407000000,NA,92220000000.0,26530000000.0,14103000000,NA,NA,3282000000,65690000000.0,282000000.0,23691000000.0,3282000000.0,NA,26973000000.0,6589000000,44136000000.0,144213000000.0,-44599000000.0,174945000000.0,1832000000,1895126000,27300000000,NA,NA,NA,NA,29200000000,14100000000,502000000.0,7000000.0,NA,-11458000000,-19800000000,NA,NA,NA,NA,9000000000,9000000000,NA,NA,NA,NA,-2900000000.0,NA,-3902000000.0,NA,1.5429053266115287,0.48609104046242774,16252099349.710983,4.76,120.51
NFG,2020-09-30,USD,567696000.0,1546291000.0,978595000.0,978595000.0,29858000,88400000.0,NA,537838000.0,NA,-117077000.0,117077000.0,117077000,NA,-17814000.0,NA,306158000,-105033000,18739000,NA,-123772000.0,NA,12044000,318202000.0,-123772000,7220931000.0,314198000.0,20541000,20541000,85215000.0,164713000.0,6906732999.0,53424000.0,NA,NA,NA,5476000.0,NA,282120000.0,NA,43729000,NA,5248945000.0,459573000.0,144914000,NA,NA,50608000,4789371999.0,NA,2629576000.0,30000000.0,NA,2694961000.0,248569000,1068569000.0,1971986000.0,NA,991630000.0,90955000,87968895,740809000,NA,NA,NA,NA,755596000,1222411000,-2578000.0,-6625000.0,NA,-1223616000,476088000,NA,NA,NA,NA,153322000,153322000,NA,NA,NA,NA,161603000.0,NA,-6719000.0,NA,-1.4069973255887778,-0.17841059476545468,-344842222.7966449,1.76,40.59
SHEL,2020-12-31,USD,-12995000000.0,180543000000.0,193538000000.0,193538000000.0,-25530000000,9881000000.0,907000000.0,12535000000.0,NA,-3220000000.0,869000000.0,4210000000,NA,NA,NA,24981000000,-26967000000,-5433000000,NA,-21534000000.0,NA,-22757000000,2224000000.0,-21680000000,379268000000.0,91954000000.0,31830000000,31830000000,19457000000.0,21967000000.0,287314000000.0,210847000000.0,NA,8671000000.0,8671000000.0,14039000000.0,NA,NA,-12920000000.0,18700000000,NA,220731000000.0,73708000000.0,22664000000,NA,NA,16899000000,147023000000.0,28420000000.0,66838000000.0,12756000000.0,NA,108014000000.0,28139000000,NA,155310000000.0,NA,142616000000.0,651000000,3897800000,34105000000,NA,NA,NA,NA,52444000000,16585000000,NA,4477000000.0,NA,-13278000000,-7224000000,NA,NA,NA,NA,7424000000,7424000000,NA,NA,NA,NA,-2084000000.0,NA,NA,NA,-5.562111960593155,0.20146846145288685,24188817777.283348,1.913,35.14
XOM,2020-12-31,USD,8127000000.0,178574000000.0,170447000000.0,170447000000.0,-29448000000,11716000000.0,1016000000.0,37575000000.0,NA,-1158000000.0,574000000.0,1158000000,NA,NA,NA,46009000000,-28883000000,-5632000000,NA,-23251000000.0,NA,-27725000000,18284000000.0,-22440000000,332750000000.0,44893000000.0,4364000000,4364000000,18850000000.0,20581000000.0,287857000000.0,227553000000.0,NA,16789000000.0,16789000000.0,NA,NA,43515000000.0,43515000000.0,1098000000,NA,168620000000.0,56363000000.0,17499000000,NA,NA,20458000000,112257000000.0,1680000000.0,45502000000.0,20458000000.0,NA,67640000000.0,14314000000,46910000000.0,157150000000.0,-225776000000.0,383943000000.0,15688000000,4271000000,14668000000,NA,NA,NA,NA,46009000000,17282000000,5384000000.0,-315000000.0,NA,-18459000000,5285000000,NA,NA,NA,NA,14865000000,14865000000,NA,NA,NA,NA,-405000000.0,NA,1494000000.0,NA,-5.254038866775931,0.1949935948481806,-2858802582.8341923,3.48,41.22
CVX,2020-12-31,USD,22815000000.0,94471000000.0,71656000000.0,71656000000.0,-6942000000,4213000000.0,435000000.0,29757000000.0,NA,-697000000.0,1169000000.0,697000000,NA,NA,NA,17192000000,-7453000000,-1892000000,NA,-5561000000.0,NA,-6756000000,10436000000.0,-5543000000,239790000000.0,26078000000.0,5596000000,5596000000,5676000000.0,11471000000.0,213712000000.0,160567000000.0,NA,4402000000.0,4402000000.0,4402000000.0,NA,39641000000.0,31000000.0,3304000000,NA,107064000000.0,22183000000.0,10950000000,NA,NA,1548000000,84881000000.0,447000000.0,42320000000.0,1548000000.0,NA,44315000000.0,7812000000,63095000000.0,131688000000.0,-41498000000.0,160377000000.0,1832000000,1870027000,10600000000,NA,NA,NA,NA,19500000000,8900000000,296000000.0,284000000.0,NA,-6965000000,-3700000000,NA,NA,NA,NA,9700000000,9700000000,NA,NA,NA,NA,-1500000000.0,NA,-124000000.0,NA,-2.9641283254199005,0.2538575070441433,4155061317.590233,5.16,84.45
DEC,2020-12-31,USD,87440000.0,408693000.0,321253000.0,321253000.0,-77568000,17508000.0,NA,64680823.0,NA,-43327000.0,NA,43856000,NA,NA,NA,117290000,-136740000,-113266000,NA,-23474000.0,NA,-94015000,23275000.0,-23474000,2290682000.0,94474000.0,1379000,1379000,6315000.0,66991000.0,2196208000.0,NA,NA,19213000.0,19213000.0,NA,NA,NA,NA,19789000,NA,1404024000.0,196506000.0,19218000,NA,NA,69972000,1207518000.0,18878000.0,652281000.0,64959000.0,NA,736118000.0,24796000,11023000.0,886658000.0,NA,27182000.0,9520000,34258500,241710000,NA,NA,NA,NA,117290000,24847000,NA,NA,NA,-256863000,15764000,NA,NA,NA,NA,98527000,98527000,NA,NA,NA,NA,-15634000.0,NA,NA,NA,-0.6852022125895764,0.8283311393886207,-7624290.4490273595,NA,NA
NFG,2021-09-30,USD,759723000.0,1742659000.0,982936000.0,982936000.0,639924000,43647000.0,NA,119799000.0,NA,-146357000.0,146357000.0,146357000,NA,-15238000.0,NA,335303000,478329000,114682000,NA,363647000.0,NA,624686000,959989000.0,363647000,7464825000.0,522449000.0,31528000,31528000,120357000.0,238584000.0,6942376000.0,6384283000.0,NA,NA,NA,5476000.0,NA,149632000.0,31528000.0,131980000,NA,5678619000.0,1236133000.0,171655000,NA,NA,158500000,4442486000.0,NA,2628687000.0,158500000.0,NA,2787187000.0,869309000,446279000.0,1786206000.0,NA,1191175000.0,91182000,91684583,791553000,NA,NA,NA,NA,360389000,751734000,-61413000.0,-2014000.0,NA,-633217000,-58739000,NA,NA,NA,NA,163089000,163089000,NA,NA,NA,NA,-3702000.0,NA,99597000.0,NA,3.9662829682063343,0.2397554821054128,269603106.905498,1.8,52.52
XOM,2021-12-31,USD,64886000000.0,276692000000.0,211806000000.0,211806000000.0,24019000000,10961000000.0,843000000.0,40867000000.0,NA,-947000000.0,5710000000.0,947000000,NA,NA,NA,20607000000,31234000000,7636000000,NA,23598000000.0,NA,32181000000,52788000000.0,23040000000,338923000000.0,59154000000.0,6802000000,6802000000,18780000000.0,32383000000.0,279769000000.0,216552000000.0,NA,18022000000.0,18022000000.0,NA,NA,45195000000.0,NA,1189000000,NA,163240000000.0,56643000000.0,26623000000,NA,NA,4276000000,106597000000.0,1761000000.0,41667000000.0,4276000000.0,NA,47704000000.0,20247000000,43004000000.0,168577000000.0,-225464000000.0,392059000000.0,15746000000,4275000000,48129000000,NA,NA,NA,NA,19407000000,12076000000,-12098000000.0,-489000000.0,NA,-10235000000,-35423000000,NA,NA,NA,NA,14924000000,14924000000,NA,NA,NA,NA,-155000000.0,NA,2471000000.0,NA,5.389473684210526,0.24447717231222385,38609480117.82033,3.49,61.19
DEC,2021-12-31,USD,515347607.0,977043000.0,458857000.0,458857000.0,-467064000,24774000.0,NA,1015768000.0,NA,-50628000.0,NA,51091000,NA,NA,NA,167644000,-550900000,-225694000,NA,-325206000.0,NA,-500339000,-332695000.0,-325206000,3494209000.0,337139000.0,12558000,12558000,9444000.0,282922000.0,3157070000.0,NA,NA,14134000.0,14134000.0,NA,NA,NA,NA,32215000,NA,2830259000.0,773600000.0,61612000,NA,NA,68447000,2056659000.0,27804000.0,951535000.0,58820000.0,NA,1038159000.0,589912000,7775000.0,647409000.0,NA,-362740000.0,11571000,39677100,320182000,NA,NA,NA,NA,167644000,50175000,NA,NA,NA,-625874000,316871000,NA,NA,NA,NA,130239000,130239000,NA,NA,NA,NA,-1404578.0,NA,NA,NA,-8.196314750826044,0.40968233799237613,-275532080.3303685,0.16,1.45
SHEL,2021-12-31,USD,35849000000.0,261504000000.0,225655000000.0,225655000000.0,22283000000,11328000000.0,815000000.0,13566000000.0,NA,-2755000000.0,852000000.0,3606000000,NA,NA,NA,23071000000,29829000000,9199000000,NA,20630000000.0,NA,33435000000,56506000000.0,20101000000,404379000000.0,128765000000.0,36970000000,36970000000,25258000000.0,34945000000.0,275614000000.0,194932000000.0,NA,9773000000.0,9773000000.0,14920000000.0,NA,NA,-5994000000.0,31592000000,NA,229053000000.0,95547000000.0,34136000000,NA,NA,8218000000,133506000000.0,27507000000.0,57499000000.0,4080000000.0,NA,89086000000.0,49939000000,1000000.0,171966000000.0,NA,153026000000.0,641000000,3903400000,45105000000,NA,NA,NA,NA,26921000000,19000000000,NA,-7319000000.0,NA,-4760000000,-34664000000,NA,NA,NA,NA,6253000000,6253000000,NA,NA,NA,NA,-3174000000.0,NA,NA,NA,5.149613157759902,0.30839116296221797,42838941466.358246,1.64,43.4
CVX,2021-12-31,USD,45432000000.0,155606000000.0,110174000000.0,110174000000.0,16104000000,32268000000.0,268000000.0,29328000000.0,NA,-712000000.0,4945000000.0,712000000,NA,NA,NA,17013000000,21639000000,5950000000,NA,15689000000.0,NA,22351000000,39364000000.0,15625000000,239535000000.0,33738000000.0,5640000000,5640000000,6795000000.0,18419000000.0,195710000000.0,150629000000.0,NA,4385000000.0,4385000000.0,4385000000.0,NA,41299000000.0,35000000.0,3339000000,NA,99595000000.0,26791000000.0,16454000000,NA,NA,256000000,30664000000.0,449000000.0,30664000000.0,256000000.0,NA,31369000000.0,10081000000,51891000000.0,167378000000.0,-41464000000.0,165546000000.0,1832000000,1920275000,29200000000,NA,NA,NA,NA,17925000000,8100000000,21000000.0,-530000000.0,NA,-5900000000,-23100000000,NA,NA,NA,NA,10200000000,10200000000,NA,NA,NA,NA,-1383000000.0,NA,209000000.0,NA,8.136855398315346,0.2749664956790979,23816223855.07648,5.3100000000000005,117.35
NFG,2022-09-30,USD,902962000.0,2186046000.0,1283084000.0,1283084000.0,814516000,101182000.0,NA,88446000.0,NA,-130357000.0,130357000.0,130357000,NA,-1509000.0,NA,369790000,682650000,116629000,NA,566021000.0,NA,813007000,1182797000.0,566021000,7896262000.0,761131000.0,46048000,46048000,172343000.0,411955000.0,7135131000.0,6566477000.0,NA,NA,NA,5476000.0,NA,95025000.0,46048000.0,130785000,NA,5816366000.0,1942569000.0,178945000,NA,NA,609000000,3873797000.0,NA,2083409000.0,609000000.0,NA,2692409000.0,1104233000,565451000.0,2079896000.0,NA,1587085000.0,91478000,92107066,812521000,NA,NA,NA,NA,369790000,811826000,-168769000.0,3109000.0,NA,-518704000,-276237000,NA,NA,NA,NA,168147000,168147000,NA,NA,NA,NA,-9590000.0,NA,17580000.0,NA,6.145250571763952,0.1708474327986523,401902841.20266604,1.86,61.55
XOM,2022-12-31,USD,103067000000.0,398675000000.0,295608000000.0,295608000000.0,64028000000,10095000000.0,824000000.0,39039000000.0,NA,-798000000.0,10665000000.0,798000000,NA,NA,NA,24040000000,77753000000,20176000000,NA,57577000000.0,NA,78551000000,102591000000.0,55740000000,369067000000.0,97631000000.0,29640000000,29640000000,24435000000.0,41749000000.0,271436000000.0,204692000000.0,NA,16951000000.0,16951000000.0,NA,NA,49793000000.0,-14993000000.0,1807000000,NA,166594000000.0,69045000000.0,33169000000,NA,NA,634000000,97549000000.0,3299000000.0,40559000000.0,634000000.0,NA,41193000000.0,30028000000,34116000000.0,195049000000.0,NA,432860000000.0,15752000000,4205000000,76797000000,NA,NA,NA,NA,24040000000,18407000000,-11019000000.0,-6947000000.0,NA,-14742000000,-39114000000,NA,NA,NA,NA,14939000000,14939000000,NA,NA,NA,NA,-15155000000.0,NA,22941000000.0,NA,13.25564803804994,0.259488379869587,62645928272.864075,3.55,110.3
DEC,2022-12-31,USD,1251199000.0,1919349000.0,668150000.0,668150000.0,-671403000,85223000.0,NA,1922602000.0,NA,-100799000.0,100743000.0,102177000,NA,NA,NA,222257000,-799502000,-178904000,NA,-620598000.0,NA,-698759000,-476502000.0,-625410000,3830928000.0,354222000.0,7329000,7329000,9227000.0,296781000.0,3476706000.0,3018668000.0,NA,21098000.0,21098000.0,NA,NA,NA,NA,40885000,NA,3968652000.0,1131630000.0,90437000,NA,NA,280389000,2837022000.0,28862000.0,1169233000.0,271096000.0,NA,1469191000.0,718897000,5375000.0,-152688000.0,NA,-1133972000.0,11503000,42204000,387764000,NA,NA,NA,NA,222257000,86079000,NA,NA,NA,-386457000,-6536000,NA,NA,NA,NA,143455000,143455000,NA,NA,NA,NA,-34691000.0,NA,NA,NA,-14.818737560420812,0.2237692963870009,80619924.60306537,0.172,1.4
CVX,2022-12-31,USD,73982000000.0,246252000000.0,161735000000.0,161735000000.0,50190000000,33353000000.0,268000000.0,34327000000.0,NA,-516000000.0,8069000000.0,516000000,NA,NA,NA,16300000000,49674000000,14066000000,NA,35608000000.0,NA,50190000000,66490000000.0,35465000000,257709000000.0,50343000000.0,17678000000,17678000000,8247000000.0,20456000000.0,207366000000.0,147853000000.0,NA,4722000000.0,4722000000.0,4722000000.0,NA,45238000000.0,223000000.0,3739000000,NA,97467000000.0,34208000000.0,18955000000,NA,NA,1964000000,63259000000.0,403000000.0,20972000000.0,1964000000.0,NA,23339000000.0,7486000000,41771000000.0,159282000000.0,-48196000000.0,190024000000.0,1832000000,1940277000,49600000000,NA,NA,NA,NA,16319000000,12000000000,153000000.0,-930000000.0,NA,-12100000000,-25000000000,NA,NA,NA,NA,11000000000,11000000000,NA,NA,NA,NA,-11300000000.0,NA,12516000000.0,NA,18.278317992740213,0.2831662439102951,37869886218.14229,5.68,179.49
SHEL,2022-12-31,USD,78779000000.0,381314000000.0,302535000000.0,302535000000.0,63109000000,12883000000.0,1075000000.0,15670000000.0,NA,-2783000000.0,398000000.0,5346000000,NA,NA,NA,22393000000,64815000000,21941000000,NA,42873000000.0,NA,70161000000,92554000000.0,42309000000,443024000000.0,165938000000.0,40246000000,40246000000,31894000000.0,39540000000.0,277086000000.0,198642000000.0,NA,9662000000.0,9662000000.0,16039000000.0,NA,NA,23864000000.0,54258000000,NA,250427000000.0,121311000000.0,42632000000,NA,NA,9001000000,129116000000.0,27643000000.0,51532000000.0,4620000000.0,NA,83795000000.0,64809000000,NA,190472000000.0,NA,169482000000.0,584000000,3705250000,68413000000,NA,NA,NA,NA,22393000000,22600000000,NA,-8360000000.0,NA,-22448000000,-41954000000,NA,NA,NA,NA,7405000000,7405000000,NA,NA,NA,NA,-19030000000.0,NA,NA,NA,11.418662708319276,0.33851731852194705,49501286415.18167,1.98,56.95
NFG,2023-09-30,USD,847847000.0,2173771000.0,1325924000.0,1325924000.0,755147000,NA,NA,92700000.0,NA,-131886000.0,131886000.0,131886000,NA,NA,NA,409573000,641399000,164533000,NA,476866000.0,NA,773285000,1182858000.0,476866000,8280260000.0,414428000.0,55447000,55447000,81498000.0,222144000.0,7865832000.0,7299862000.0,NA,NA,NA,5476000.0,NA,73976000.0,42242000.0,55339000,NA,5316884000.0,806312000.0,152193000,NA,NA,287500000,4510572000.0,NA,2384485000.0,287500000.0,NA,2671985000.0,316852000,564948000.0,2963376000.0,NA,1885856000.0,91819000,92285918,1237075000,NA,NA,NA,NA,409573000,1009868000,NA,-8406000.0,NA,-1112347000,-206999000,NA,NA,NA,NA,176096000,176096000,NA,NA,NA,NA,-6709000.0,NA,NA,NA,5.167267231388434,0.25652207128480087,222782330.1065328,1.94,51.91
SHEL,2023-12-31,USD,47207000000.0,316620000000.0,269413000000.0,269413000000.0,30737000000,13433000000.0,1287000000.0,16470000000.0,NA,-1789000000.0,2163000000.0,4628000000,NA,NA,NA,23106000000,32627000000,12991000000,NA,29571000000.0,NA,37255000000,60361000000.0,19359000000,406270000000.0,134115000000.0,38774000000,38774000000,26019000000.0,36461000000.0,272155000000.0,NA,NA,10253000000.0,10253000000.0,16660000000.0,NA,NA,4912000000.0,32861000000,NA,217908000000.0,95467000000.0,34591000000,NA,NA,10009000000,122441000000.0,27709000000.0,48544000000.0,5288000000.0,NA,81639000000.0,44340000000,NA,186607000000.0,NA,165915000000.0,544000000,3399900000,54191000000,NA,NA,NA,NA,23106000000,22993000000,NA,6325000000.0,NA,-17734000000,-38235000000,NA,NA,NA,NA,8393000000,8393000000,NA,NA,NA,NA,-15506000000.0,NA,NA,NA,5.693990999735286,0.398167162166304,39242282373.49435,2.474,65.8
CVX,2023-12-31,USD,60391000000.0,196913000000.0,136522000000.0,136522000000.0,33790000000,4141000000.0,320000000.0,26601000000.0,NA,-469000000.0,4662000000.0,469000000,NA,NA,NA,17762000000,29584000000,8173000000,NA,21411000000.0,NA,30053000000,47815000000.0,21369000000,261632000000.0,41128000000.0,8178000000,8178000000,8612000000.0,19921000000.0,220504000000.0,159041000000.0,NA,NA,NA,4722000000.0,NA,46812000000.0,45000000.0,4372000000,NA,99703000000.0,32258000000.0,20423000000,NA,NA,529000000,67445000000.0,574000000.0,19733000000.0,529000000.0,NA,20836000000.0,7655000000,24226000000.0,160957000000.0,NA,200025000000.0,1832000000,1880307000,35609000000,NA,NA,NA,NA,17326000000,15829000000,NA,-320000000.0,NA,-15232000000,-30109000000,NA,NA,NA,NA,11336000000,11336000000,NA,NA,NA,NA,-14939000000.0,NA,NA,NA,11.364633541224917,0.2762641968631693,20716432091.671173,6.04,149.16
DEC,2023-12-31,USD,203155000.0,868263000.0,665108000.0,665108000.0,1161051000,17794000.0,NA,-957896000.0,NA,-134166000.0,134166000.0,134166000,NA,NA,NA,224546000,1000344000,240643000,NA,759701000.0,NA,1134510000,1359056000.0,758018000,3474022000.0,304598000.0,3753000,3753000,7829000.0,190207000.0,3169424000.0,2946583000.0,NA,19351000.0,19351000.0,NA,NA,NA,41888165.0,102809000,NA,2875612000.0,638440000.0,49487000,NA,NA,211385000,2237172000.0,31122000.0,1075805000.0,200822000.0,NA,1307749000.0,327342000,2224000.0,585806000.0,NA,-547255000.0,12897000,47514000,410132000,NA,NA,NA,NA,224546000,74252000,NA,NA,NA,-239369000,-174339000,NA,NA,NA,NA,168041000,168041000,NA,NA,NA,NA,-11048000.0,NA,NA,NA,15.95357157890306,0.2405602472749374,272653993.86411077,0.176,15.0
XOM,2023-12-31,USD,84142000000.0,334697000000.0,250555000000.0,250555000000.0,44461000000,10891000000.0,879000000.0,39681000000.0,NA,-849000000.0,5536000000.0,849000000,NA,NA,NA,20641000000,52783000000,15429000000,NA,37354000000.0,NA,53632000000,74273000000.0,36010000000,376317000000.0,96609000000.0,31539000000,31539000000,25120000000.0,38015000000.0,279708000000.0,221789000000.0,NA,NA,NA,NA,NA,34257000000.0,-29000000.0,1935000000,NA,163779000000.0,65316000000.0,31249000000,NA,NA,4090000000,98463000000.0,3838000000.0,33645000000.0,4090000000.0,NA,41573000000.0,26788000000,24228000000.0,204802000000.0,NA,453927000000.0,17781000000,4052000000,55369000000,NA,NA,NA,NA,20641000000,21919000000,NA,-3472000000.0,NA,-20044000000,-33527000000,NA,NA,NA,NA,14941000000,14941000000,NA,NA,NA,NA,-17748000000.0,NA,NA,NA,8.886969397828233,0.29231002406077716,35925828789.5724,3.68,99.98
NFG,2024-09-30,USD,817704000.0,1944810000.0,1127106000.0,1127106000.0,209724000,NA,NA,607980000.0,NA,-138695000.0,133395000.0,138695000,NA,NA,NA,457026000,87255000,9742000,NA,77513000.0,NA,225950000,682976000.0,77513000,8319770000.0,355919000.0,38222000,38222000,82725000.0,178245000.0,7963851000.0,7339205000.0,NA,NA,NA,5476000.0,NA,81705000.0,-87905000.0,56727000,NA,5471427000.0,1095892000.0,165068000,NA,NA,590700000,4375535000.0,NA,2188243000.0,590700000.0,NA,2778943000.0,284486000,563965000.0,2848343000.0,NA,1727326000.0,91006000,92345000,1065961000,NA,NA,NA,NA,457026000,931236000,NA,1738000.0,NA,-933905000,-149281000,NA,NA,NA,NA,183798000,183798000,NA,NA,NA,NA,-68042000.0,NA,NA,NA,0.8393849152634144,0.11164976219127844,255265736.2328806,2.02,60.61
CVX,2024-12-31,USD,56926000000.0,193414000000.0,136488000000.0,136488000000.0,29099000000,4834000000.0,353000000.0,27827000000.0,NA,-594000000.0,4002000000.0,594000000,NA,NA,NA,17711000000,27506000000,9757000000,NA,17749000000.0,NA,28100000000,45811000000.0,17661000000,256938000000.0,40911000000.0,6781000000,6781000000,9074000000.0,20684000000.0,216027000000.0,153114000000.0,NA,NA,NA,4578000000.0,NA,47438000000.0,4000000.0,4368000000,NA,103781000000.0,38558000000.0,22079000000,NA,NA,4406000000,65223000000.0,604000000.0,19589000000.0,4348000000.0,NA,24541000000.0,8486000000,22094000000.0,152318000000.0,NA,205852000000.0,1832000000,1817000000,31492000000,NA,NA,NA,NA,16196000000,16448000000,NA,-574000000.0,NA,-8936000000,-23472000000,NA,NA,NA,NA,11800000000,11800000000,NA,NA,NA,NA,-15400000000.0,NA,NA,NA,9.719867914144194,0.35472260597687777,22939294772.049736,6.52,144.84
SHEL,2024-12-31,USD,45941000000.0,284312000000.0,238371000000.0,238371000000.0,29992000000,12439000000.0,1099000000.0,15949000000.0,NA,-2486000000.0,2372000000.0,4858000000,NA,NA,NA,26872000000,29922000000,13401000000,NA,16521000000.0,NA,34780000000,61652000000.0,16093000000,387609000000.0,127926000000.0,39110000000,39110000000,23426000000.0,31230000000.0,259683000000.0,NA,NA,9480000000.0,9480000000.0,16032000000.0,NA,NA,NA,34160000000,NA,207441000000.0,95034000000.0,29767000000,NA,NA,11650000000,112407000000.0,28702000000.0,41456000000.0,6920000000.0,NA,77142000000.0,45530000000,NA,178307000000.0,NA,158834000000.0,510000000,3181850000,54687000000,NA,NA,NA,NA,26872000000,19601000000,NA,1273000000.0,NA,-15155000000,-38434000000,NA,NA,NA,NA,8668000000,8668000000,NA,NA,NA,NA,-14687000000.0,NA,NA,NA,5.057749422505775,0.44786444756366556,42214274513.73571,2.752,62.65
XOM,2024-12-31,USD,76742000000.0,339247000000.0,262505000000.0,262505000000.0,39652000000,9976000000.0,987000000.0,37090000000.0,NA,-996000000.0,5198000000.0,996000000,NA,NA,NA,23442000000,48873000000,13810000000,NA,35063000000.0,NA,49869000000,73311000000.0,33680000000,453475000000.0,91990000000.0,23029000000,23029000000,23524000000.0,43681000000.0,361485000000.0,301441000000.0,NA,19967000000.0,19967000000.0,NA,NA,34353000000.0,NA,1756000000,NA,182869000000.0,70307000000.0,36145000000,NA,NA,4955000000,112562000000.0,3951000000.0,32804000000.0,4955000000.0,NA,41710000000.0,29207000000,25719000000.0,263705000000.0,NA,470903000000.0,46238000000,4298000000,55022000000,NA,NA,NA,NA,23442000000,24306000000,NA,-1812000000.0,NA,-19938000000,-42789000000,NA,NA,NA,NA,16704000000,16704000000,NA,NA,NA,NA,-19629000000.0,NA,NA,NA,7.83620288506282,0.2825691076872711,35798561168.74348,3.84,107.57
DEC,2024-12-31,USD,109455000.0,794841000.0,685386000.0,685386000.0,-43026000,22375000.0,NA,152481000.0,NA,-137643000.0,137643000.0,137643000,NA,NA,NA,256484000,-223952000,-136951000,NA,-87001000.0,NA,-86309000,170175000.0,-88272000,4003525000.0,304264000.0,5990000,5990000,9591000.0,234421000.0,3699261000.0,3355242000.0,NA,15180000.0,15180000.0,NA,NA,NA,NA,54262000,NA,3538969000.0,759960000.0,209462000,NA,NA,223239000,2779009000.0,44600000.0,1483779000.0,209463000.0,NA,1737842000.0,293761000,5384000.0,452677000.0,NA,-724960000.0,13762000,47561000,345663000,NA,NA,NA,NA,256484000,52100000,NA,NA,NA,-272916000,-70510000,NA,NA,NA,NA,83864000,83864000,NA,NA,NA,NA,-21130000.0,NA,NA,NA,-1.8559744328336243,0.6115194327355862,126218630.71997571,1.745,16.8
NFG,2025-09-30,USD,1506235000.0,2277541000.0,771306000.0,771306000.0,813459000,NA,NA,692776000.0,NA,-155834000.0,155334000.0,155834000,NA,NA,NA,456594000,694053000,175549000,NA,518504000.0,NA,849887000,1306481000.0,518504000,8719104000.0,410727000.0,43166000,43166000,89782000.0,197020000.0,8308376999.0,7712642000.0,NA,NA,NA,5476000.0,NA,68346000.0,NA,80759000,NA,5624500000.0,925764000.0,184046000,NA,NA,450200000,4698736000.0,NA,2382861000.0,450200000.0,NA,2833061000.0,274330000,542239000.0,3094604000.0,NA,2012529000.0,90379000,91227473,1100027000,NA,NA,NA,NA,456594000,912821000,NA,-7147000.0,NA,-891700000,-203383000,NA,NA,NA,NA,188438000,188438000,NA,NA,NA,NA,-59088000.0,NA,NA,NA,5.683638743342151,0.25293313334860595,324745418.0977533,2.1,92.37
